
    <marc:record>
        <marc:leader>01886cam a2200481   4500</marc:leader>
        <marc:controlfield tag="001">7281918</marc:controlfield>
        <marc:controlfield tag="003">SE-LIBR</marc:controlfield>
        <marc:controlfield tag="005">20190612172656.0</marc:controlfield>
        <marc:controlfield tag="008">011211s1993    sw |||||||||||001 j|swe| </marc:controlfield>
        <marc:datafield tag="020" ind1=" " ind2=" ">
            <marc:subfield code="a">9146163794</marc:subfield>
            <marc:subfield code="q">INB.</marc:subfield>
            <marc:subfield code="c">235:00</marc:subfield>
        </marc:datafield>
        <marc:datafield tag="040" ind1=" " ind2=" ">
            <marc:subfield code="a">NB</marc:subfield>
        </marc:datafield>
        <marc:datafield tag="041" ind1="1" ind2=" ">
            <marc:subfield code="a">swe</marc:subfield>
            <marc:subfield code="h">eng</marc:subfield>
        </marc:datafield>
        <marc:datafield tag="042" ind1=" " ind2=" ">
            <marc:subfield code="9">NB</marc:subfield>
            <marc:subfield code="9">SEE</marc:subfield>
        </marc:datafield>
        <marc:datafield tag="082" ind1="0" ind2="4">
            <marc:subfield code="a">823</marc:subfield>
            <marc:subfield code="2">22 (machine generated)</marc:subfield>
        </marc:datafield>
        <marc:datafield tag="083" ind1="0" ind2=" ">
            <marc:subfield code="a">839.78</marc:subfield>
            <marc:subfield code="2">22 (machine generated)</marc:subfield>
        </marc:datafield>
        <marc:datafield tag="084" ind1=" " ind2=" ">
            <marc:subfield code="5">G</marc:subfield>
            <marc:subfield code="a">Hcee.016</marc:subfield>
            <marc:subfield code="2">kssb/6</marc:subfield>
        </marc:datafield>
        <marc:datafield tag="084" ind1=" " ind2=" ">
            <marc:subfield code="5">Li</marc:subfield>
            <marc:subfield code="a">Hcee.01</marc:subfield>
            <marc:subfield code="2">kssb/6</marc:subfield>
        </marc:datafield>
        <marc:datafield tag="084" ind1=" " ind2=" ">
            <marc:subfield code="5">Mo</marc:subfield>
            <marc:subfield code="a">Hcee.016</marc:subfield>
            <marc:subfield code="2">kssb/8</marc:subfield>
        </marc:datafield>
        <marc:datafield tag="084" ind1=" " ind2=" ">
            <marc:subfield code="5">NB</marc:subfield>
            <marc:subfield code="a">Hce</marc:subfield>
            <marc:subfield code="2">kssb</marc:subfield>
        </marc:datafield>
        <marc:datafield tag="084" ind1=" " ind2=" ">
            <marc:subfield code="5">SEE</marc:subfield>
            <marc:subfield code="a">Hcee.016</marc:subfield>
            <marc:subfield code="2">kssb/6</marc:subfield>
        </marc:datafield>
        <marc:datafield tag="084" ind1=" " ind2=" ">
            <marc:subfield code="a">Hcee.01</marc:subfield>
            <marc:subfield code="2">kssb/6</marc:subfield>
        </marc:datafield>
        <marc:datafield tag="084" ind1=" " ind2=" ">
            <marc:subfield code="a">Hcee.016</marc:subfield>
            <marc:subfield code="2">kssb/6</marc:subfield>
        </marc:datafield>
        <marc:datafield tag="084" ind1=" " ind2=" ">
            <marc:subfield code="a">He.016=c</marc:subfield>
            <marc:subfield code="2">kssb/6</marc:subfield>
        </marc:datafield>
        <marc:datafield tag="100" ind1="1" ind2=" ">
            <marc:subfield code="a">Ballard, J. G.</marc:subfield>
            <marc:subfield code="d">1930-2009</marc:subfield>
            <marc:subfield code="0">https://libris.kb.se/dbqssg6x38zr5cn#it</marc:subfield>
            <marc:subfield code="1">http://viaf.org/viaf/9842556</marc:subfield>
            <marc:subfield code="4">http://rdaregistry.info/Elements/w/object/P10061</marc:subfield>
        </marc:datafield>
        <marc:datafield tag="240" ind1="1" ind2="0">
            <marc:subfield code="a">War fever</marc:subfield>
            <marc:subfield code="1">http://www.wikidata.org/entity/Q7968436</marc:subfield>
        </marc:datafield>
        <marc:datafield tag="245" ind1="0" ind2="0">
            <marc:subfield code="a">Krigsfeber /</marc:subfield>
            <marc:subfield code="c">J.G. Ballard ; till svenska av Hans-Jacob Nilsson.</marc:subfield>
        </marc:datafield>
        <marc:datafield tag="249" ind1=" " ind2="0">
            <marc:subfield code="a">War fever.</marc:subfield>
        </marc:datafield>
        <marc:datafield tag="264" ind1=" " ind2="1">
            <marc:subfield code="a">Stockholm :</marc:subfield>
            <marc:subfield code="b">Wahlström and Widstrand,</marc:subfield>
            <marc:subfield code="c">1993</marc:subfield>
        </marc:datafield>
        <marc:datafield tag="264" ind1=" " ind2="3">
            <marc:subfield code="a">Borås :</marc:subfield>
            <marc:subfield code="b">Centraltr.</marc:subfield>
        </marc:datafield>
        <marc:datafield tag="300" ind1=" " ind2=" ">
            <marc:subfield code="a">221, [1] s.</marc:subfield>
            <marc:subfield code="c">24 cm</marc:subfield>
        </marc:datafield>
        <marc:datafield tag="336" ind1=" " ind2=" ">
            <marc:subfield code="a">text</marc:subfield>
            <marc:subfield code="b">txt</marc:subfield>
            <marc:subfield code="2">rdacontent</marc:subfield>
            <marc:subfield code="0">http://rdaregistry.info/termList/RDAContentType/1020</marc:subfield>
        </marc:datafield>
        <marc:datafield tag="337" ind1=" " ind2=" ">
            <marc:subfield code="a">unmediated</marc:subfield>
            <marc:subfield code="b">n</marc:subfield>
            <marc:subfield code="2">rdamedia</marc:subfield>
            <marc:subfield code="0">http://rdaregistry.info/termList/RDAMediaType/1007</marc:subfield>
        </marc:datafield>
        <marc:datafield tag="338" ind1=" " ind2=" ">
            <marc:subfield code="a">volume</marc:subfield>
            <marc:subfield code="b">nc</marc:subfield>
            <marc:subfield code="2">rdacarrier</marc:subfield>
            <marc:subfield code="0">http://rdaregistry.info/termList/RDACarrierType/1049</marc:subfield>
        </marc:datafield>
        <marc:datafield tag="340" ind1=" " ind2=" ">
            <marc:subfield code="b">24 cm</marc:subfield>
        </marc:datafield>
        <marc:datafield tag="380" ind1=" " ind2=" ">
            <marc:subfield code="a">Short story</marc:subfield>
        </marc:datafield>
        <marc:datafield tag="500" ind1=" " ind2=" ">
            <marc:subfield code="5">Mo</marc:subfield>
            <marc:subfield code="a">Första svenska upplaga</marc:subfield>
        </marc:datafield>
        <marc:datafield tag="500" ind1=" " ind2=" ">
            <marc:subfield code="5">Mo</marc:subfield>
            <marc:subfield code="a">Orig:s titel War fever</marc:subfield>
        </marc:datafield>
        <marc:datafield tag="500" ind1=" " ind2=" ">
            <marc:subfield code="5">Mo</marc:subfield>
            <marc:subfield code="a">svenska</marc:subfield>
        </marc:datafield>
        <marc:datafield tag="500" ind1=" " ind2=" ">
            <marc:subfield code="5">Um</marc:subfield>
            <marc:subfield code="a">Skönlitteratur. Annan uppl. kan finnas vid biblioteket</marc:subfield>
        </marc:datafield>
        <marc:datafield tag="500" ind1=" " ind2=" ">
            <marc:subfield code="a">Första svenska uppl. 1993</marc:subfield>
        </marc:datafield>
        <marc:datafield tag="653" ind1=" " ind2=" ">
            <marc:subfield code="5">Mo</marc:subfield>
            <marc:subfield code="a">Science fiction</marc:subfield>
        </marc:datafield>
        <marc:datafield tag="655" ind1=" " ind2="4">
            <marc:subfield code="5">Mo</marc:subfield>
            <marc:subfield code="a">Bok</marc:subfield>
        </marc:datafield>
        <marc:datafield tag="700" ind1="1" ind2=" ">
            <marc:subfield code="a">Nilsson, Hans-Jacob</marc:subfield>
            <marc:subfield code="d">1949-</marc:subfield>
            <marc:subfield code="4">trl</marc:subfield>
            <marc:subfield code="0">https://libris.kb.se/53hlqmjp5grtqrd#it</marc:subfield>
            <marc:subfield code="1">http://viaf.org/viaf/237688467</marc:subfield>
            <marc:subfield code="4">http://rdaregistry.info/Elements/e/object/P20037</marc:subfield>
        </marc:datafield>
    </marc:record>