
    <marc:record>
        <marc:leader>00991 am a22002897a 4500</marc:leader>
        <marc:controlfield tag="001">008718046</marc:controlfield>
        <marc:controlfield tag="003">UK</marc:controlfield>
        <marc:controlfield tag="005">20160601115100.0</marc:controlfield>
        <marc:controlfield tag="008">901114s1990    enk    ||     000 j|eng  </marc:controlfield>
        <marc:datafield tag="015" ind1=" " ind2=" ">
            <marc:subfield code="a">GB9026534</marc:subfield>
            <marc:subfield code="2">bnb</marc:subfield>
        </marc:datafield>
        <marc:datafield tag="019" ind1="1" ind2=" ">
            <marc:subfield code="a">0002237709</marc:subfield>
        </marc:datafield>
        <marc:datafield tag="019" ind1="9" ind2=" ">
            <marc:subfield code="a">0002237709</marc:subfield>
        </marc:datafield>
        <marc:datafield tag="019" ind1="y" ind2=" ">
            <marc:subfield code="a">b9026534</marc:subfield>
        </marc:datafield>
        <marc:datafield tag="020" ind1=" " ind2=" ">
            <marc:subfield code="a">0002237709 :</marc:subfield>
            <marc:subfield code="c">£12.95</marc:subfield>
        </marc:datafield>
        <marc:datafield tag="039" ind1="0" ind2=" ">
            <marc:subfield code="a">2115</marc:subfield>
        </marc:datafield>
        <marc:datafield tag="040" ind1=" " ind2=" ">
            <marc:subfield code="a">Uk</marc:subfield>
            <marc:subfield code="c">Uk</marc:subfield>
        </marc:datafield>
        <marc:datafield tag="082" ind1="0" ind2="4">
            <marc:subfield code="a">823.914</marc:subfield>
            <marc:subfield code="2">20</marc:subfield>
        </marc:datafield>
        <marc:datafield tag="100" ind1="1" ind2=" ">
            <marc:subfield code="a">Ballard, J. G.</marc:subfield>
            <marc:subfield code="d">1930-2009</marc:subfield>
            <marc:subfield code="1">http://viaf.org/viaf/9842556</marc:subfield>
            <marc:subfield code="4">http://rdaregistry.info/Elements/w/object/P10061</marc:subfield>
        </marc:datafield>
        <marc:datafield tag="240" ind1="1" ind2="0">
            <marc:subfield code="a">War fever</marc:subfield>
            <marc:subfield code="k">Selections</marc:subfield>
            <marc:subfield code="1">http://www.wikidata.org/entity/Q7968436</marc:subfield>
        </marc:datafield>
        <marc:datafield tag="245" ind1="1" ind2="0">
            <marc:subfield code="a">War fever.</marc:subfield>
        </marc:datafield>
        <marc:datafield tag="260" ind1=" " ind2=" ">
            <marc:subfield code="b">Collins,</marc:subfield>
            <marc:subfield code="c">1990.</marc:subfield>
        </marc:datafield>
        <marc:datafield tag="300" ind1=" " ind2=" ">
            <marc:subfield code="a">[224]p.</marc:subfield>
        </marc:datafield>
        <marc:datafield tag="336" ind1=" " ind2=" ">
            <marc:subfield code="a">text</marc:subfield>
            <marc:subfield code="2">rdacontent</marc:subfield>
            <marc:subfield code="0">http://rdaregistry.info/termList/RDAContentType/1020</marc:subfield>
        </marc:datafield>
        <marc:datafield tag="337" ind1=" " ind2=" ">
            <marc:subfield code="a">unmediated</marc:subfield>
            <marc:subfield code="2">rdamedia</marc:subfield>
            <marc:subfield code="0">http://rdaregistry.info/termList/RDAMediaType/1007</marc:subfield>
        </marc:datafield>
        <marc:datafield tag="338" ind1=" " ind2=" ">
            <marc:subfield code="a">volume</marc:subfield>
            <marc:subfield code="2">rdacarrier</marc:subfield>
            <marc:subfield code="0">http://rdaregistry.info/termList/RDACarrierType/1049</marc:subfield>
        </marc:datafield>
        <marc:datafield tag="380" ind1=" " ind2=" ">
            <marc:subfield code="a">Short story</marc:subfield>
        </marc:datafield>
        <marc:datafield tag="653" ind1=" " ind2=" ">
            <marc:subfield code="a">Fiction in English</marc:subfield>
            <marc:subfield code="a">1945-</marc:subfield>
            <marc:subfield code="a">Texts</marc:subfield>
        </marc:datafield>
    </marc:record>