
    <marc:record>
        <marc:leader>01983nam a22002895c 4500</marc:leader>
        <marc:controlfield tag="001">999920902257202201</marc:controlfield>
        <marc:controlfield tag="003">BIBSYS</marc:controlfield>
        <marc:controlfield tag="005">20191215074949.0</marc:controlfield>
        <marc:controlfield tag="007">ta</marc:controlfield>
        <marc:controlfield tag="008">190830s1966    xxk    | |||||00||0 eng|c</marc:controlfield>
        <marc:datafield tag="040" ind1=" " ind2=" ">
            <marc:subfield code="a">NO-TrBIB</marc:subfield>
            <marc:subfield code="b">nob</marc:subfield>
            <marc:subfield code="e">katreg</marc:subfield>
        </marc:datafield>
        <marc:datafield tag="245" ind1="1" ind2="0">
            <marc:subfield code="a">Spectrum 3 :</marc:subfield>
            <marc:subfield code="b">A third anthology of science fiction /</marc:subfield>
            <marc:subfield code="c">Selected and edited by Kingsley Amis and Robert Conquest</marc:subfield>
        </marc:datafield>
        <marc:datafield tag="260" ind1=" " ind2=" ">
            <marc:subfield code="a">London</marc:subfield>
            <marc:subfield code="b">Pan Books</marc:subfield>
            <marc:subfield code="c">1966</marc:subfield>
        </marc:datafield>
        <marc:datafield tag="336" ind1=" " ind2=" ">
            <marc:subfield code="a">text</marc:subfield>
            <marc:subfield code="b">txt</marc:subfield>
            <marc:subfield code="2">rdacontent</marc:subfield>
            <marc:subfield code="0">http://rdaregistry.info/termList/RDAContentType/1020</marc:subfield>
        </marc:datafield>
        <marc:datafield tag="337" ind1=" " ind2=" ">
            <marc:subfield code="a">unmediated</marc:subfield>
            <marc:subfield code="b">n</marc:subfield>
            <marc:subfield code="2">rdamedia</marc:subfield>
            <marc:subfield code="0">http://rdaregistry.info/termList/RDAMediaType/1007</marc:subfield>
        </marc:datafield>
        <marc:datafield tag="338" ind1=" " ind2=" ">
            <marc:subfield code="a">volume</marc:subfield>
            <marc:subfield code="b">nc</marc:subfield>
            <marc:subfield code="2">rdacarrier</marc:subfield>
            <marc:subfield code="0">http://rdaregistry.info/termList/RDACarrierType/1049</marc:subfield>
        </marc:datafield>
        <marc:datafield tag="490" ind1="0" ind2=" ">
            <marc:subfield code="a">Spectrum</marc:subfield>
            <marc:subfield code="v">3</marc:subfield>
        </marc:datafield>
        <marc:datafield tag="700" ind1=" " ind2=" ">
            <marc:subfield code="a">Clarke, Arthur C.</marc:subfield>
            <marc:subfield code="d">1917-2008</marc:subfield>
            <marc:subfield code="q">(Arthur Charles)</marc:subfield>
            <marc:subfield code="0">(NO-TrBIB)90725602</marc:subfield>
            <marc:subfield code="t">The sentinel</marc:subfield>
            <marc:subfield code="1">http://www.isfdb.org/cgi-bin/title.cgi?25639</marc:subfield>
        </marc:datafield>
        <marc:datafield tag="700" ind1="1" ind2=" ">
            <marc:subfield code="a">Amis, Kingsley</marc:subfield>
            <marc:subfield code="d">1922-1995</marc:subfield>
            <marc:subfield code="0">(NO-TrBIB)90096252</marc:subfield>
            <marc:subfield code="4">edt</marc:subfield>
            <marc:subfield code="4">edc</marc:subfield>
            <marc:subfield code="1">http://viaf.org/viaf/311112707</marc:subfield>
            <marc:subfield code="4">http://rdaregistry.info/Elements/m/object/P30267</marc:subfield>
        </marc:datafield>
        <marc:datafield tag="700" ind1="1" ind2=" ">
            <marc:subfield code="a">Conquest, Robert</marc:subfield>
            <marc:subfield code="d">1917-2015</marc:subfield>
            <marc:subfield code="0">(NO-TrBIB)90092680</marc:subfield>
            <marc:subfield code="4">edt</marc:subfield>
            <marc:subfield code="4">edc</marc:subfield>
            <marc:subfield code="1">http://viaf.org/viaf/7388633</marc:subfield>
            <marc:subfield code="4">http://rdaregistry.info/Elements/m/object/P30267</marc:subfield>
        </marc:datafield>
        <marc:datafield tag="700" ind1="1" ind2="2">
            <marc:subfield code="a">Anderson, Poul</marc:subfield>
            <marc:subfield code="d">1926-2001</marc:subfield>
            <marc:subfield code="0">(NO-TrBIB)90135259</marc:subfield>
            <marc:subfield code="t">Call med Joe</marc:subfield>
            <marc:subfield code="1">http://www.isfdb.org/cgi-bin/title.cgi?55693</marc:subfield>
        </marc:datafield>
        <marc:datafield tag="700" ind1="1" ind2="2">
            <marc:subfield code="a">Ballard, J. G.</marc:subfield>
            <marc:subfield code="d">1930-2009</marc:subfield>
            <marc:subfield code="0">(NO-TrBIB)90199005</marc:subfield>
            <marc:subfield code="t">The voices of time</marc:subfield>
            <marc:subfield code="1">http://www.isfdb.org/cgi-bin/title.cgi?40816</marc:subfield>
        </marc:datafield>
        <marc:datafield tag="700" ind1="1" ind2="2">
            <marc:subfield code="a">Bester, Alfred</marc:subfield>
            <marc:subfield code="d">1913-1987</marc:subfield>
            <marc:subfield code="0">(NO-TrBIB)90083185</marc:subfield>
            <marc:subfield code="t">Fondly Fahrenheit</marc:subfield>
            <marc:subfield code="1">http://www.isfdb.org/cgi-bin/title.cgi?49804</marc:subfield>
        </marc:datafield>
        <marc:datafield tag="700" ind1="1" ind2="2">
            <marc:subfield code="a">Leinster, Murray</marc:subfield>
            <marc:subfield code="0">(NO-TrBIB)12071884</marc:subfield>
            <marc:subfield code="t">Exploration team</marc:subfield>
            <marc:subfield code="1">http://www.isfdb.org/cgi-bin/title.cgi?58077</marc:subfield>
        </marc:datafield>
        <marc:datafield tag="700" ind1="1" ind2="2">
            <marc:subfield code="a">Phillips, Peter</marc:subfield>
            <marc:subfield code="0">(NO-TrBIB)8030292</marc:subfield>
            <marc:subfield code="t">Dreams are sacred</marc:subfield>
            <marc:subfield code="1">http://www.isfdb.org/cgi-bin/title.cgi?41461</marc:subfield>
        </marc:datafield>
        <marc:datafield tag="700" ind1="1" ind2="2">
            <marc:subfield code="a">Rose, Mark</marc:subfield>
            <marc:subfield code="0">(NO-TrBIB)90231592</marc:subfield>
            <marc:subfield code="t">We would see a sign</marc:subfield>
            <marc:subfield code="1">http://www.isfdb.org/cgi-bin/title.cgi?78505</marc:subfield>
        </marc:datafield>
        <marc:datafield tag="700" ind1="1" ind2="2">
            <marc:subfield code="a">Sturgeon, Theodore</marc:subfield>
            <marc:subfield code="d">1918-1985</marc:subfield>
            <marc:subfield code="0">(NO-TrBIB)90967876</marc:subfield>
            <marc:subfield code="t">Killdozers!</marc:subfield>
            <marc:subfield code="1">http://www.isfdb.org/cgi-bin/title.cgi?47573</marc:subfield>
        </marc:datafield>
    </marc:record>