
    <marc:record>
        <marc:leader>00812nam a22001933  4500</marc:leader>
        <marc:controlfield tag="001">000184372</marc:controlfield>
        <marc:controlfield tag="003">UK</marc:controlfield>
        <marc:controlfield tag="005">20160601115100.0</marc:controlfield>
        <marc:controlfield tag="008">871103|1975|||||||    ||     ||| ||eng  </marc:controlfield>
        <marc:datafield tag="019" ind1="x" ind2=" ">
            <marc:subfield code="a">0173840345</marc:subfield>
        </marc:datafield>
        <marc:datafield tag="040" ind1=" " ind2=" ">
            <marc:subfield code="a">Uk</marc:subfield>
            <marc:subfield code="c">Uk</marc:subfield>
        </marc:datafield>
        <marc:datafield tag="100" ind1="1" ind2=" ">
            <marc:subfield code="a">Ballard, J. G.</marc:subfield>
            <marc:subfield code="d">1930-2009</marc:subfield>
            <marc:subfield code="1">http://viaf.org/viaf/9842556</marc:subfield>
            <marc:subfield code="4">http://rdaregistry.info/Elements/w/object/P10061</marc:subfield>
        </marc:datafield>
        <marc:datafield tag="240" ind1="1" ind2="0">
            <marc:subfield code="a">The Four-Dimensional Nightmare</marc:subfield>
            <marc:subfield code="1">http://viaf.org/viaf/307977932</marc:subfield>
        </marc:datafield>
        <marc:datafield tag="245" ind1="1" ind2="4">
            <marc:subfield code="a">The voices of time.</marc:subfield>
        </marc:datafield>
        <marc:datafield tag="336" ind1=" " ind2=" ">
            <marc:subfield code="a">text</marc:subfield>
            <marc:subfield code="2">rdacontent</marc:subfield>
            <marc:subfield code="0">http://rdaregistry.info/termList/RDAContentType/1020</marc:subfield>
        </marc:datafield>
        <marc:datafield tag="337" ind1=" " ind2=" ">
            <marc:subfield code="a">unmediated</marc:subfield>
            <marc:subfield code="2">rdamedia</marc:subfield>
            <marc:subfield code="0">http://rdaregistry.info/termList/RDAMediaType/1007</marc:subfield>
        </marc:datafield>
        <marc:datafield tag="338" ind1=" " ind2=" ">
            <marc:subfield code="a">volume</marc:subfield>
            <marc:subfield code="2">rdacarrier</marc:subfield>
            <marc:subfield code="0">http://rdaregistry.info/termList/RDACarrierType/1049</marc:subfield>
        </marc:datafield>
        <marc:datafield tag="490" ind1="0" ind2=" ">
            <marc:subfield code="a">(Corgi SF collector's library.)</marc:subfield>
        </marc:datafield>
        <marc:datafield tag="580" ind1=" " ind2=" ">
            <marc:subfield code="a">In: The inner landscape. pp. 77-124. 1975.: 18 cm.</marc:subfield>
        </marc:datafield>
    </marc:record>