
    <marc:record>
        <marc:leader>05004ngm a2200685 c 4500</marc:leader>
        <marc:controlfield tag="001">a6934047</marc:controlfield>
        <marc:controlfield tag="003">SpMaBN</marc:controlfield>
        <marc:controlfield tag="005">20211028091103.5</marc:controlfield>
        <marc:controlfield tag="007">vd*csaizk</marc:controlfield>
        <marc:controlfield tag="008">210901s2021    sp 601 e          vlspa  </marc:controlfield>
        <marc:datafield tag="015" ind1=" " ind2=" ">
            <marc:subfield code="a">VD21</marc:subfield>
        </marc:datafield>
        <marc:datafield tag="017" ind1=" " ind2=" ">
            <marc:subfield code="a">B 3124-2021</marc:subfield>
            <marc:subfield code="b">Oficina Depósito Legal Barcelona</marc:subfield>
        </marc:datafield>
        <marc:datafield tag="024" ind1="3" ind2=" ">
            <marc:subfield code="a">8436535549844</marc:subfield>
        </marc:datafield>
        <marc:datafield tag="028" ind1="4" ind2="0">
            <marc:subfield code="a">AC0984</marc:subfield>
            <marc:subfield code="b">A Contracorriente Films</marc:subfield>
        </marc:datafield>
        <marc:datafield tag="040" ind1=" " ind2=" ">
            <marc:subfield code="a">SpMaBN</marc:subfield>
            <marc:subfield code="b">spa</marc:subfield>
            <marc:subfield code="c">SpMaBN</marc:subfield>
            <marc:subfield code="e">rda</marc:subfield>
        </marc:datafield>
        <marc:datafield tag="041" ind1="1" ind2=" ">
            <marc:subfield code="a">spa</marc:subfield>
            <marc:subfield code="a">eng</marc:subfield>
            <marc:subfield code="j">spa</marc:subfield>
            <marc:subfield code="h">eng</marc:subfield>
        </marc:datafield>
        <marc:datafield tag="130" ind1="1" ind2="0">
            <marc:subfield code="a">Crash</marc:subfield>
            <marc:subfield code="1">http://www.wikidata.org/entity/Q188000</marc:subfield>
        </marc:datafield>
        <marc:datafield tag="245" ind1="1" ind2="0">
            <marc:subfield code="a">Crash</marc:subfield>
            <marc:subfield code="c">una película de David Cronenberg ; música, Howard Shore ; director de fotografía, Peter Suschitzky ; escrita por David Cronenberg ; producida y dirigida por David Cronenberg</marc:subfield>
        </marc:datafield>
        <marc:datafield tag="250" ind1=" " ind2=" ">
            <marc:subfield code="a">Edición 25 aniversario</marc:subfield>
        </marc:datafield>
        <marc:datafield tag="264" ind1=" " ind2="1">
            <marc:subfield code="a">[Barcelona]</marc:subfield>
            <marc:subfield code="b">A Contracorriente Films,</marc:subfield>
            <marc:subfield code="c">[2021]</marc:subfield>
        </marc:datafield>
        <marc:datafield tag="264" ind1=" " ind2="2">
            <marc:subfield code="a">[Barcelona]</marc:subfield>
            <marc:subfield code="b">A Contracorriente Films,</marc:subfield>
            <marc:subfield code="c">[2021]</marc:subfield>
        </marc:datafield>
        <marc:datafield tag="264" ind1=" " ind2="4">
            <marc:subfield code="c">©2021</marc:subfield>
        </marc:datafield>
        <marc:datafield tag="300" ind1=" " ind2=" ">
            <marc:subfield code="a">2 videodiscos (aproximadamente 200 min)</marc:subfield>
            <marc:subfield code="b">sonido, color</marc:subfield>
            <marc:subfield code="c">12 cm</marc:subfield>
            <marc:subfield code="e">1 Blu-ray (aproximadamente 401 min) + 1 folleto (54 páginas) + 1 funda</marc:subfield>
        </marc:datafield>
        <marc:datafield tag="336" ind1=" " ind2=" ">
            <marc:subfield code="a">Imagen bidimensional en movimiento</marc:subfield>
            <marc:subfield code="2">rdacontent</marc:subfield>
            <marc:subfield code="0">http://rdaregistry.info/termList/RDAContentType/1023</marc:subfield>
        </marc:datafield>
        <marc:datafield tag="336" ind1=" " ind2=" ">
            <marc:subfield code="a">todimensjonalt levende bilde</marc:subfield>
            <marc:subfield code="2">rdacontent</marc:subfield>
            <marc:subfield code="0">http://rdaregistry.info/termList/RDAContentType/1023</marc:subfield>
        </marc:datafield>
        <marc:datafield tag="337" ind1=" " ind2=" ">
            <marc:subfield code="a">video</marc:subfield>
            <marc:subfield code="2">rdamedia</marc:subfield>
            <marc:subfield code="0">http://rdaregistry.info/termList/RDAMediaType/1008</marc:subfield>
        </marc:datafield>
        <marc:datafield tag="337" ind1=" " ind2=" ">
            <marc:subfield code="a">vídeo</marc:subfield>
            <marc:subfield code="2">rdamedia</marc:subfield>
            <marc:subfield code="0">http://rdaregistry.info/termList/RDAMediaType/1008</marc:subfield>
        </marc:datafield>
        <marc:datafield tag="338" ind1=" " ind2=" ">
            <marc:subfield code="a">videodisco</marc:subfield>
            <marc:subfield code="b">vd</marc:subfield>
            <marc:subfield code="2">rdacarrier</marc:subfield>
            <marc:subfield code="0">http://rdaregistry.info/termList/RDACarrierType/1060</marc:subfield>
        </marc:datafield>
        <marc:datafield tag="338" ind1=" " ind2=" ">
            <marc:subfield code="a">videplate</marc:subfield>
            <marc:subfield code="2">rdacarrier</marc:subfield>
            <marc:subfield code="0">http://rdaregistry.info/termList/RDACarrierType/1060</marc:subfield>
        </marc:datafield>
        <marc:datafield tag="340" ind1=" " ind2=" ">
            <marc:subfield code="g">color</marc:subfield>
        </marc:datafield>
        <marc:datafield tag="344" ind1=" " ind2=" ">
            <marc:subfield code="a">digital</marc:subfield>
            <marc:subfield code="b">óptico</marc:subfield>
            <marc:subfield code="h">DTS-HD Master Audio 5.1</marc:subfield>
            <marc:subfield code="h">DTS-HD Master Audio 2.0</marc:subfield>
        </marc:datafield>
        <marc:datafield tag="345" ind1=" " ind2=" ">
            <marc:subfield code="c">1.66:1</marc:subfield>
            <marc:subfield code="c">16:9</marc:subfield>
        </marc:datafield>
        <marc:datafield tag="346" ind1=" " ind2=" ">
            <marc:subfield code="a">Blu-ray</marc:subfield>
        </marc:datafield>
        <marc:datafield tag="347" ind1=" " ind2=" ">
            <marc:subfield code="a">archivo de vídeo</marc:subfield>
            <marc:subfield code="b">4K Ultra HD Blu-ray</marc:subfield>
            <marc:subfield code="d">2160p ultra alta definición</marc:subfield>
            <marc:subfield code="b">Blu-ray</marc:subfield>
            <marc:subfield code="d">1080p alta definición</marc:subfield>
            <marc:subfield code="e">zona B</marc:subfield>
        </marc:datafield>
        <marc:datafield tag="380" ind1=" " ind2=" ">
            <marc:subfield code="a">filmverk</marc:subfield>
            <marc:subfield code="0">https://schema.nb.no/Bibliographic/Values/V1002</marc:subfield>
        </marc:datafield>
        <marc:datafield tag="500" ind1=" " ind2=" ">
            <marc:subfield code="a">Folleto con comentarios de la película por Desirée de Fez, Ángel Sala, Jordi Sánchez-Navarro y Xavi Sánchez Pons</marc:subfield>
        </marc:datafield>
        <marc:datafield tag="500" ind1=" " ind2=" ">
            <marc:subfield code="a">Incluye Blu-ray de extras</marc:subfield>
        </marc:datafield>
        <marc:datafield tag="500" ind1=" " ind2=" ">
            <marc:subfield code="a">Incluye extras</marc:subfield>
        </marc:datafield>
        <marc:datafield tag="500" ind1=" " ind2=" ">
            <marc:subfield code="a">Largometraje coproducido por Canadá y Reino Unido en 1996</marc:subfield>
        </marc:datafield>
        <marc:datafield tag="500" ind1=" " ind2=" ">
            <marc:subfield code="a">Restaurada en 4K</marc:subfield>
        </marc:datafield>
        <marc:datafield tag="505" ind1="0" ind2=" ">
            <marc:subfield code="a">Blu-ray 1. Película en ultra alta definición; Presentación de David Cronenberg ; Tráiler 25 aniversario ; Diseccionando &quot;Crash&quot; : coloquio con Desirée de Fez (crítica de cine) y Ángel Sala (director del Festival de Sitges) -- Blu-ray 2. Película en alta definición ; Presentación de David Cronenberg ; anuncio de televisión ; Tráilers ; Detrás de las cámaras ; Entrevistas ; Revisando &quot;Crash&quot; ; Entrevistas a Jeremy Thomas, Peter Suschitzky, Howard Shore y Deirdre Bowen -- Blu-ray 3. Coloquio con David Cronenberg y J.G. Ballard (1996) ; TIFF Talks: David Cronenberg y Viggo Mortensen (2019) ; Marea Nocturna: especial David Cronenberg ; 3 cortometrajes</marc:subfield>
        </marc:datafield>
        <marc:datafield tag="508" ind1=" " ind2=" ">
            <marc:subfield code="a">Presentadores, Jeremy Thomas, Robert Lantos ; una producción de Alliance Communications</marc:subfield>
        </marc:datafield>
        <marc:datafield tag="511" ind1="1" ind2=" ">
            <marc:subfield code="a">James Spader, Holly Hunter, Elias Koteas</marc:subfield>
        </marc:datafield>
        <marc:datafield tag="520" ind1="3" ind2=" ">
            <marc:subfield code="a">Una noche, James Ballard estrella su coche contra el de Helen y ambos son ingresados en un hospital. Lo sorprendente es que inmediatamente después del choque los dos experimentaron una extraña atracción mutua. A partir de entonces, la vida de James se precipitará hacia un mundo oscuro y prohibido, dominado por el peligro, el sexo y la muerte</marc:subfield>
        </marc:datafield>
        <marc:datafield tag="521" ind1="1" ind2=" ">
            <marc:subfield code="a">No recomendada para menores de 18 años</marc:subfield>
        </marc:datafield>
        <marc:datafield tag="546" ind1=" " ind2=" ">
            <marc:subfield code="a">Versiones en español e inglés, con subtítulos en español</marc:subfield>
        </marc:datafield>
        <marc:datafield tag="586" ind1=" " ind2=" ">
            <marc:subfield code="a">Entre otros: Premio Especial del Jurado en el Festival de Cannes (1996); 6 Premios en los Genie Awards (1996)</marc:subfield>
        </marc:datafield>
        <marc:datafield tag="655" ind1=" " ind2="7">
            <marc:subfield code="a">Cine de suspense</marc:subfield>
            <marc:subfield code="2">tgfbne</marc:subfield>
        </marc:datafield>
        <marc:datafield tag="655" ind1=" " ind2="7">
            <marc:subfield code="a">Cine erótico</marc:subfield>
            <marc:subfield code="2">tgfbne</marc:subfield>
        </marc:datafield>
        <marc:datafield tag="655" ind1=" " ind2="7">
            <marc:subfield code="a">Dramas cinematográficos</marc:subfield>
            <marc:subfield code="2">tgfbne</marc:subfield>
        </marc:datafield>
        <marc:datafield tag="700" ind1="1" ind2=" ">
            <marc:subfield code="a">Cronenberg, David</marc:subfield>
            <marc:subfield code="d">1943-</marc:subfield>
            <marc:subfield code="e">director de cine</marc:subfield>
            <marc:subfield code="e">productor</marc:subfield>
            <marc:subfield code="e">guionista</marc:subfield>
            <marc:subfield code="4">fmd</marc:subfield>
            <marc:subfield code="4">http://rdaregistry.info/Elements/w/object/P10013</marc:subfield>
            <marc:subfield code="4">pro</marc:subfield>
            <marc:subfield code="4">http://rdaregistry.info/Elements/w/object/P10064</marc:subfield>
            <marc:subfield code="4">aus</marc:subfield>
            <marc:subfield code="1">http://viaf.org/viaf/97752099</marc:subfield>
        </marc:datafield>
        <marc:datafield tag="700" ind1="1" ind2=" ">
            <marc:subfield code="a">Hunter, Holly</marc:subfield>
            <marc:subfield code="d">1958-</marc:subfield>
            <marc:subfield code="e">actor</marc:subfield>
            <marc:subfield code="4">act</marc:subfield>
            <marc:subfield code="4">http://rdaregistry.info/Elements/e/object/P20012</marc:subfield>
            <marc:subfield code="1">http://viaf.org/viaf/34649834</marc:subfield>
        </marc:datafield>
        <marc:datafield tag="700" ind1="1" ind2=" ">
            <marc:subfield code="a">Koteas, Elias</marc:subfield>
            <marc:subfield code="d">1961-</marc:subfield>
            <marc:subfield code="e">actor</marc:subfield>
            <marc:subfield code="4">act</marc:subfield>
            <marc:subfield code="4">http://rdaregistry.info/Elements/e/object/P20012</marc:subfield>
            <marc:subfield code="1">http://viaf.org/viaf/44498574</marc:subfield>
        </marc:datafield>
        <marc:datafield tag="700" ind1="1" ind2=" ">
            <marc:subfield code="a">Shore, Howard</marc:subfield>
            <marc:subfield code="d">1946-</marc:subfield>
            <marc:subfield code="e">compositor</marc:subfield>
            <marc:subfield code="4">cmp</marc:subfield>
            <marc:subfield code="1">http://viaf.org/viaf/19869016</marc:subfield>
        </marc:datafield>
        <marc:datafield tag="700" ind1="1" ind2=" ">
            <marc:subfield code="a">Spader, James</marc:subfield>
            <marc:subfield code="d">1960-</marc:subfield>
            <marc:subfield code="e">actor</marc:subfield>
            <marc:subfield code="4">act</marc:subfield>
            <marc:subfield code="4">http://rdaregistry.info/Elements/e/object/P20012</marc:subfield>
            <marc:subfield code="1">http://viaf.org/viaf/85111802</marc:subfield>
        </marc:datafield>
        <marc:datafield tag="700" ind1="1" ind2=" ">
            <marc:subfield code="a">Suschitzky, Peter</marc:subfield>
            <marc:subfield code="d">1941-</marc:subfield>
            <marc:subfield code="e">director de fotografía</marc:subfield>
            <marc:subfield code="4">cng</marc:subfield>
            <marc:subfield code="1">http://viaf.org/viaf/69124815</marc:subfield>
        </marc:datafield>
        <marc:datafield tag="700" ind1="1" ind2=" ">
            <marc:subfield code="i">Basada en (obra):</marc:subfield>
            <marc:subfield code="a">Ballard, J. G.</marc:subfield>
            <marc:subfield code="d">1930-2009</marc:subfield>
            <marc:subfield code="t">Crash</marc:subfield>
            <marc:subfield code="1">http://viaf.org/viaf/305922109</marc:subfield>
            <marc:subfield code="4">http://rdaregistry.info/Elements/w/object/P10129</marc:subfield>
        </marc:datafield>
        <marc:datafield tag="711" ind1="2" ind2=" ">
            <marc:subfield code="a">Festival International du Film</marc:subfield>
            <marc:subfield code="n">49º</marc:subfield>
            <marc:subfield code="d">1996</marc:subfield>
            <marc:subfield code="c">Cannes</marc:subfield>
        </marc:datafield>
        <marc:datafield tag="711" ind1="2" ind2=" ">
            <marc:subfield code="a">Genie Awards</marc:subfield>
            <marc:subfield code="n">17º</marc:subfield>
            <marc:subfield code="d">1996</marc:subfield>
            <marc:subfield code="c">Toronto</marc:subfield>
        </marc:datafield>
        <marc:datafield tag="730" ind1="0" ind2="2">
            <marc:subfield code="a">Crash (Película cinematográfica : 1996)</marc:subfield>
            <marc:subfield code="l">Español</marc:subfield>
        </marc:datafield>
    </marc:record>