
    <marc:record>
        <marc:leader>02855cam a22004452a 4500</marc:leader>
        <marc:controlfield tag="001">011691312</marc:controlfield>
        <marc:controlfield tag="003">UkOxU</marc:controlfield>
        <marc:controlfield tag="005">19960816194307.0</marc:controlfield>
        <marc:controlfield tag="008">500101s1971    nyu           000 1 eng d</marc:controlfield>
        <marc:datafield tag="040" ind1=" " ind2=" ">
            <marc:subfield code="a">DLC</marc:subfield>
            <marc:subfield code="c">DLC</marc:subfield>
            <marc:subfield code="d">EQO</marc:subfield>
        </marc:datafield>
        <marc:datafield tag="050" ind1=" " ind2="0">
            <marc:subfield code="a">PR6052.A46</marc:subfield>
        </marc:datafield>
        <marc:datafield tag="050" ind1=" " ind2="0">
            <marc:subfield code="a">PZ4.B1893</marc:subfield>
            <marc:subfield code="b">Ch</marc:subfield>
        </marc:datafield>
        <marc:datafield tag="082" ind1=" " ind2=" ">
            <marc:subfield code="a">823/.9/14</marc:subfield>
        </marc:datafield>
        <marc:datafield tag="092" ind1=" " ind2=" ">
            <marc:subfield code="a">D0503362948</marc:subfield>
        </marc:datafield>
        <marc:datafield tag="100" ind1="1" ind2=" ">
            <marc:subfield code="a">Ballard, J. G.</marc:subfield>
            <marc:subfield code="d">1930-2009</marc:subfield>
            <marc:subfield code="1">http://viaf.org/viaf/9842556</marc:subfield>
            <marc:subfield code="4">http://rdaregistry.info/Elements/w/object/P10061</marc:subfield>
        </marc:datafield>
        <marc:datafield tag="245" ind1="1" ind2="0">
            <marc:subfield code="a">Chronopolis,</marc:subfield>
            <marc:subfield code="b">and other stories /</marc:subfield>
            <marc:subfield code="c">by J. G. Ballard</marc:subfield>
        </marc:datafield>
        <marc:datafield tag="260" ind1=" " ind2=" ">
            <marc:subfield code="a">New York :</marc:subfield>
            <marc:subfield code="b">Putnam,</marc:subfield>
            <marc:subfield code="c">[1971]</marc:subfield>
        </marc:datafield>
        <marc:datafield tag="300" ind1=" " ind2=" ">
            <marc:subfield code="a">319 pages</marc:subfield>
            <marc:subfield code="c">21 cm</marc:subfield>
        </marc:datafield>
        <marc:datafield tag="336" ind1=" " ind2=" ">
            <marc:subfield code="a">text</marc:subfield>
            <marc:subfield code="b">txt</marc:subfield>
            <marc:subfield code="2">rdacontent</marc:subfield>
            <marc:subfield code="0">http://rdaregistry.info/termList/RDAContentType/1020</marc:subfield>
        </marc:datafield>
        <marc:datafield tag="337" ind1=" " ind2=" ">
            <marc:subfield code="a">unmediated</marc:subfield>
            <marc:subfield code="b">n</marc:subfield>
            <marc:subfield code="2">rdamedia</marc:subfield>
            <marc:subfield code="0">http://rdaregistry.info/termList/RDAMediaType/1007</marc:subfield>
        </marc:datafield>
        <marc:datafield tag="338" ind1=" " ind2=" ">
            <marc:subfield code="a">volume</marc:subfield>
            <marc:subfield code="b">nc</marc:subfield>
            <marc:subfield code="2">rdacarrier</marc:subfield>
            <marc:subfield code="0">http://rdaregistry.info/termList/RDACarrierType/1049</marc:subfield>
        </marc:datafield>
        <marc:datafield tag="380" ind1=" " ind2=" ">
            <marc:subfield code="a">Fiction</marc:subfield>
        </marc:datafield>
        <marc:datafield tag="505" ind1="0" ind2=" ">
            <marc:subfield code="a">The voices of time.--The drowned giant.--The terminal beach.--Manhole 69.--Storm-bird, storm-dreamer.--The sound-sweep.--Billenium.--Chronopolis.--Build-up.--The garden of time.--End game.--The watchtowers.--Now wakes the sea.--Zone of terror.--The cage of sand.--Deep end</marc:subfield>
        </marc:datafield>
        <marc:datafield tag="650" ind1=" " ind2="0">
            <marc:subfield code="a">Science fiction, English.</marc:subfield>
        </marc:datafield>
        <marc:datafield tag="700" ind1="1" ind2="2">
            <marc:subfield code="a">Ballard, J. G.</marc:subfield>
            <marc:subfield code="d">1930-2009</marc:subfield>
            <marc:subfield code="t">Billenium</marc:subfield>
            <marc:subfield code="1">http://www.isfdb.org/cgi-bin/title.cgi?65075</marc:subfield>
        </marc:datafield>
        <marc:datafield tag="700" ind1="1" ind2="2">
            <marc:subfield code="a">Ballard, J. G.</marc:subfield>
            <marc:subfield code="d">1930-2009</marc:subfield>
            <marc:subfield code="t">Build-up</marc:subfield>
            <marc:subfield code="1">http://www.isfdb.org/cgi-bin/title.cgi?44451</marc:subfield>
        </marc:datafield>
        <marc:datafield tag="700" ind1="1" ind2="2">
            <marc:subfield code="a">Ballard, J. G.</marc:subfield>
            <marc:subfield code="d">1930-2009</marc:subfield>
            <marc:subfield code="t">Chronopolis</marc:subfield>
            <marc:subfield code="1">http://www.isfdb.org/cgi-bin/title.cgi?41557</marc:subfield>
        </marc:datafield>
        <marc:datafield tag="700" ind1="1" ind2="2">
            <marc:subfield code="a">Ballard, J. G.</marc:subfield>
            <marc:subfield code="d">1930-2009</marc:subfield>
            <marc:subfield code="t">Deep end</marc:subfield>
            <marc:subfield code="1">http://www.isfdb.org/cgi-bin/title.cgi?44457</marc:subfield>
        </marc:datafield>
        <marc:datafield tag="700" ind1="1" ind2="2">
            <marc:subfield code="a">Ballard, J. G.</marc:subfield>
            <marc:subfield code="d">1930-2009</marc:subfield>
            <marc:subfield code="t">End game</marc:subfield>
            <marc:subfield code="1">http://www.isfdb.org/cgi-bin/title.cgi?57586</marc:subfield>
        </marc:datafield>
        <marc:datafield tag="700" ind1="1" ind2="2">
            <marc:subfield code="a">Ballard, J. G.</marc:subfield>
            <marc:subfield code="d">1930-2009</marc:subfield>
            <marc:subfield code="t">Manhole 69</marc:subfield>
            <marc:subfield code="1">http://www.isfdb.org/cgi-bin/title.cgi?44454</marc:subfield>
        </marc:datafield>
        <marc:datafield tag="700" ind1="1" ind2="2">
            <marc:subfield code="a">Ballard, J. G.</marc:subfield>
            <marc:subfield code="d">1930-2009</marc:subfield>
            <marc:subfield code="t">Now wakes the sea</marc:subfield>
            <marc:subfield code="1">http://www.isfdb.org/cgi-bin/title.cgi?57610</marc:subfield>
        </marc:datafield>
        <marc:datafield tag="700" ind1="1" ind2="2">
            <marc:subfield code="a">Ballard, J. G.</marc:subfield>
            <marc:subfield code="d">1930-2009</marc:subfield>
            <marc:subfield code="t">Storm-bird, storm-dreamer</marc:subfield>
            <marc:subfield code="1">http://www.isfdb.org/cgi-bin/title.cgi?57625</marc:subfield>
        </marc:datafield>
        <marc:datafield tag="700" ind1="1" ind2="2">
            <marc:subfield code="a">Ballard, J. G.</marc:subfield>
            <marc:subfield code="d">1930-2009</marc:subfield>
            <marc:subfield code="t">The cage of sand</marc:subfield>
            <marc:subfield code="1">http://www.isfdb.org/cgi-bin/title.cgi?44123</marc:subfield>
        </marc:datafield>
        <marc:datafield tag="700" ind1="1" ind2="2">
            <marc:subfield code="a">Ballard, J. G.</marc:subfield>
            <marc:subfield code="d">1930-2009</marc:subfield>
            <marc:subfield code="t">The drowned giant</marc:subfield>
            <marc:subfield code="1">http://www.isfdb.org/cgi-bin/title.cgi?43949</marc:subfield>
        </marc:datafield>
        <marc:datafield tag="700" ind1="1" ind2="2">
            <marc:subfield code="a">Ballard, J. G.</marc:subfield>
            <marc:subfield code="d">1930-2009</marc:subfield>
            <marc:subfield code="t">The garden of time</marc:subfield>
            <marc:subfield code="1">http://www.isfdb.org/cgi-bin/title.cgi?44458</marc:subfield>
        </marc:datafield>
        <marc:datafield tag="700" ind1="1" ind2="2">
            <marc:subfield code="a">Ballard, J. G.</marc:subfield>
            <marc:subfield code="d">1930-2009</marc:subfield>
            <marc:subfield code="t">The sound-sweep</marc:subfield>
            <marc:subfield code="1">http://www.isfdb.org/cgi-bin/title.cgi?44514</marc:subfield>
        </marc:datafield>
        <marc:datafield tag="700" ind1="1" ind2="2">
            <marc:subfield code="a">Ballard, J. G.</marc:subfield>
            <marc:subfield code="d">1930-2009</marc:subfield>
            <marc:subfield code="t">The terminal beach</marc:subfield>
            <marc:subfield code="1">http://www.isfdb.org/cgi-bin/title.cgi?37126</marc:subfield>
        </marc:datafield>
        <marc:datafield tag="700" ind1="1" ind2="2">
            <marc:subfield code="a">Ballard, J. G.</marc:subfield>
            <marc:subfield code="d">1930-2009</marc:subfield>
            <marc:subfield code="t">The voices of time</marc:subfield>
            <marc:subfield code="1">http://www.isfdb.org/cgi-bin/title.cgi?40816</marc:subfield>
        </marc:datafield>
        <marc:datafield tag="700" ind1="1" ind2="2">
            <marc:subfield code="a">Ballard, J. G.</marc:subfield>
            <marc:subfield code="d">1930-2009</marc:subfield>
            <marc:subfield code="t">The watchtowers</marc:subfield>
            <marc:subfield code="1">http://www.isfdb.org/cgi-bin/title.cgi?57635</marc:subfield>
        </marc:datafield>
        <marc:datafield tag="700" ind1="1" ind2="2">
            <marc:subfield code="a">Ballard, J. G.</marc:subfield>
            <marc:subfield code="d">1930-2009</marc:subfield>
            <marc:subfield code="t">Zone of terror</marc:subfield>
            <marc:subfield code="1">http://www.isfdb.org/cgi-bin/title.cgi?57637</marc:subfield>
        </marc:datafield>
    </marc:record>