
    <marc:record>
        <marc:leader>00882nam a22001815a 4500</marc:leader>
        <marc:controlfield tag="001">017878414</marc:controlfield>
        <marc:controlfield tag="003">UkOxU</marc:controlfield>
        <marc:controlfield tag="005">20111101162108.0</marc:controlfield>
        <marc:controlfield tag="008">111101s1969    enk           ||| | eng d</marc:controlfield>
        <marc:datafield tag="245" ind1="0" ind2="4">
            <marc:subfield code="a">The inner landscape /</marc:subfield>
            <marc:subfield code="c">Mervyn Peake, J. G. Ballard, Brian W. Aldiss.</marc:subfield>
        </marc:datafield>
        <marc:datafield tag="260" ind1=" " ind2=" ">
            <marc:subfield code="a">London :</marc:subfield>
            <marc:subfield code="b">Allison and Busby,</marc:subfield>
            <marc:subfield code="c">1969.</marc:subfield>
        </marc:datafield>
        <marc:datafield tag="336" ind1=" " ind2=" ">
            <marc:subfield code="a">tekst</marc:subfield>
            <marc:subfield code="0">http://rdaregistry.info/termList/RDAContentType/1020</marc:subfield>
        </marc:datafield>
        <marc:datafield tag="337" ind1=" " ind2=" ">
            <marc:subfield code="a">uformidlet</marc:subfield>
            <marc:subfield code="0">http://rdaregistry.info/termList/RDAMediaType/1007</marc:subfield>
        </marc:datafield>
        <marc:datafield tag="338" ind1=" " ind2=" ">
            <marc:subfield code="a">bind</marc:subfield>
            <marc:subfield code="0">http://rdaregistry.info/termList/RDACarrierType/1049</marc:subfield>
        </marc:datafield>
        <marc:datafield tag="380" ind1=" " ind2=" ">
            <marc:subfield code="a">Språkbasert verk</marc:subfield>
            <marc:subfield code="1">https://schema.nb.no/Bibliographic/Values/V1000</marc:subfield>
        </marc:datafield>
        <marc:datafield tag="700" ind1="1" ind2="2">
            <marc:subfield code="a">Aldiss, Brian W.</marc:subfield>
            <marc:subfield code="d">1925-</marc:subfield>
            <marc:subfield code="t">Danger, Religion!</marc:subfield>
            <marc:subfield code="1">http://viaf.org/viaf/183421260</marc:subfield>
        </marc:datafield>
        <marc:datafield tag="700" ind1="1" ind2="2">
            <marc:subfield code="a">Ballard, J. G.</marc:subfield>
            <marc:subfield code="d">1930-2009</marc:subfield>
            <marc:subfield code="t">The voices of time</marc:subfield>
            <marc:subfield code="1">http://viaf.org/viaf/311471559</marc:subfield>
        </marc:datafield>
        <marc:datafield tag="700" ind1="1" ind2="2">
            <marc:subfield code="a">Peake, Mervyn Laurence</marc:subfield>
            <marc:subfield code="d">1911-1968</marc:subfield>
            <marc:subfield code="t">Boy in darkness</marc:subfield>
            <marc:subfield code="1">http://viaf.org/viaf/309308512</marc:subfield>
        </marc:datafield>
    </marc:record>