
    <marc:record>
        <marc:leader>00684caa a22001454i 4500</marc:leader>
        <marc:controlfield tag="001">007495135</marc:controlfield>
        <marc:controlfield tag="003">FI-MELINDA</marc:controlfield>
        <marc:controlfield tag="005">20200722190502.0</marc:controlfield>
        <marc:controlfield tag="008">040217s1983    xxk|||||||||| ||||||||||c</marc:controlfield>
        <marc:datafield tag="100" ind1="1" ind2=" ">
            <marc:subfield code="a">Ballard, J. G.</marc:subfield>
            <marc:subfield code="1">http://viaf.org/viaf/9842556</marc:subfield>
            <marc:subfield code="4">http://rdaregistry.info/Elements/w/object/P10061</marc:subfield>
        </marc:datafield>
        <marc:datafield tag="240" ind1="1" ind2="0">
            <marc:subfield code="a">Billenium</marc:subfield>
            <marc:subfield code="1">http://viaf.org/viaf/308074297</marc:subfield>
        </marc:datafield>
        <marc:datafield tag="245" ind1="1" ind2="0">
            <marc:subfield code="a">Billenium.</marc:subfield>
        </marc:datafield>
        <marc:datafield tag="336" ind1=" " ind2=" ">
            <marc:subfield code="a">teksti</marc:subfield>
            <marc:subfield code="b">txt</marc:subfield>
            <marc:subfield code="2">rdacontent</marc:subfield>
            <marc:subfield code="0">http://rdaregistry.info/termList/RDAContentType/1020</marc:subfield>
        </marc:datafield>
        <marc:datafield tag="337" ind1=" " ind2=" ">
            <marc:subfield code="a">käytettävissä ilman laitetta</marc:subfield>
            <marc:subfield code="b">n</marc:subfield>
            <marc:subfield code="2">rdamedia</marc:subfield>
            <marc:subfield code="0">http://rdaregistry.info/termList/RDAMediaType/1007</marc:subfield>
        </marc:datafield>
        <marc:datafield tag="773" ind1="0" ind2=" ">
            <marc:subfield code="7">nnam</marc:subfield>
            <marc:subfield code="w">(FI-MELINDA)007237491</marc:subfield>
            <marc:subfield code="t">Constellations : stories of the future. -</marc:subfield>
            <marc:subfield code="d">London : Puffin, 1983. -</marc:subfield>
            <marc:subfield code="z">0-14-031582-9</marc:subfield>
        </marc:datafield>
    </marc:record>