
    <marc:record>
        <marc:leader>01737caa a22002654i 4500</marc:leader>
        <marc:controlfield tag="001">009145814</marc:controlfield>
        <marc:controlfield tag="003">FI-MELINDA</marc:controlfield>
        <marc:controlfield tag="005">20210128125645.0</marc:controlfield>
        <marc:controlfield tag="008">960124s1987    xx |||||||||| ||||||||||c</marc:controlfield>
        <marc:datafield tag="100" ind1="1" ind2=" ">
            <marc:subfield code="a">Ballard, J. G.</marc:subfield>
            <marc:subfield code="1">http://viaf.org/viaf/9842556</marc:subfield>
            <marc:subfield code="4">http://rdaregistry.info/Elements/w/object/P10061</marc:subfield>
        </marc:datafield>
        <marc:datafield tag="245" ind1="1" ind2="0">
            <marc:subfield code="a">Memories of the space age.</marc:subfield>
        </marc:datafield>
        <marc:datafield tag="264" ind1=" " ind2="1">
            <marc:subfield code="a">London; New York</marc:subfield>
            <marc:subfield code="b">Penguin</marc:subfield>
            <marc:subfield code="c">1988</marc:subfield>
        </marc:datafield>
        <marc:datafield tag="336" ind1=" " ind2=" ">
            <marc:subfield code="a">tekst</marc:subfield>
            <marc:subfield code="0">http://rdaregistry.info/termList/RDAContentType/1020</marc:subfield>
        </marc:datafield>
        <marc:datafield tag="337" ind1=" " ind2=" ">
            <marc:subfield code="a">uformidlet</marc:subfield>
            <marc:subfield code="0">http://rdaregistry.info/termList/RDAMediaType/1007</marc:subfield>
        </marc:datafield>
        <marc:datafield tag="338" ind1=" " ind2=" ">
            <marc:subfield code="a">bind</marc:subfield>
            <marc:subfield code="0">http://rdaregistry.info/termList/RDACarrierType/1049</marc:subfield>
        </marc:datafield>
        <marc:datafield tag="380" ind1=" " ind2=" ">
            <marc:subfield code="a">Språkbasert verk</marc:subfield>
            <marc:subfield code="1">https://schema.nb.no/Bibliographic/Values/V1000</marc:subfield>
        </marc:datafield>
        <marc:datafield tag="700" ind1=" " ind2="2">
            <marc:subfield code="a">Ballard, J. G.</marc:subfield>
            <marc:subfield code="d">1930-2009</marc:subfield>
            <marc:subfield code="t">A Question of Re-entry</marc:subfield>
            <marc:subfield code="1">http://www.isfdb.org/cgi-bin/title.cgi?44460</marc:subfield>
        </marc:datafield>
        <marc:datafield tag="700" ind1=" " ind2="2">
            <marc:subfield code="a">Ballard, J. G.</marc:subfield>
            <marc:subfield code="d">1930-2009</marc:subfield>
            <marc:subfield code="t">Memories of the Space Age</marc:subfield>
            <marc:subfield code="1">http://www.isfdb.org/cgi-bin/title.cgi?45330</marc:subfield>
        </marc:datafield>
        <marc:datafield tag="700" ind1=" " ind2="2">
            <marc:subfield code="a">Ballard, J. G.</marc:subfield>
            <marc:subfield code="d">1930-2009</marc:subfield>
            <marc:subfield code="t">My Dream of Flying to Wake Island</marc:subfield>
            <marc:subfield code="1">http://www.isfdb.org/cgi-bin/title.cgi?57607</marc:subfield>
        </marc:datafield>
        <marc:datafield tag="700" ind1=" " ind2="2">
            <marc:subfield code="a">Ballard, J. G.</marc:subfield>
            <marc:subfield code="d">1930-2009</marc:subfield>
            <marc:subfield code="t">Myths of the Near Future</marc:subfield>
            <marc:subfield code="1">http://www.isfdb.org/cgi-bin/title.cgi?49122</marc:subfield>
        </marc:datafield>
        <marc:datafield tag="700" ind1=" " ind2="2">
            <marc:subfield code="a">Ballard, J. G.</marc:subfield>
            <marc:subfield code="d">1930-2009</marc:subfield>
            <marc:subfield code="t">News from the Sun</marc:subfield>
            <marc:subfield code="1">http://www.isfdb.org/cgi-bin/title.cgi?57608</marc:subfield>
        </marc:datafield>
        <marc:datafield tag="700" ind1=" " ind2="2">
            <marc:subfield code="a">Ballard, J. G.</marc:subfield>
            <marc:subfield code="d">1930-2009</marc:subfield>
            <marc:subfield code="t">The Cage of Sand</marc:subfield>
            <marc:subfield code="1">http://www.isfdb.org/cgi-bin/title.cgi?44123</marc:subfield>
        </marc:datafield>
        <marc:datafield tag="700" ind1=" " ind2="2">
            <marc:subfield code="a">Ballard, J. G.</marc:subfield>
            <marc:subfield code="d">1930-2009</marc:subfield>
            <marc:subfield code="t">The Dead Astronaut</marc:subfield>
            <marc:subfield code="1">http://www.isfdb.org/cgi-bin/title.cgi?57583</marc:subfield>
        </marc:datafield>
        <marc:datafield tag="700" ind1=" " ind2="2">
            <marc:subfield code="a">Ballard, J. G.</marc:subfield>
            <marc:subfield code="d">1930-2009</marc:subfield>
            <marc:subfield code="t">The Man Who Walked on the Moon</marc:subfield>
            <marc:subfield code="1">http://www.isfdb.org/cgi-bin/title.cgi?46455</marc:subfield>
        </marc:datafield>
        <marc:datafield tag="773" ind1="0" ind2=" ">
            <marc:subfield code="7">nnam</marc:subfield>
            <marc:subfield code="w">(FI-MELINDA)000013510</marc:subfield>
            <marc:subfield code="t">The Penguin book of modern British short stories. -</marc:subfield>
            <marc:subfield code="b">[New ed.]. -</marc:subfield>
            <marc:subfield code="d">London ; New York : Penguin, 1988. -</marc:subfield>
            <marc:subfield code="z">0-14-006306-4</marc:subfield>
        </marc:datafield>
    </marc:record>