
    <marc:record>
        <marc:leader>00785caa a22001574i 4500</marc:leader>
        <marc:controlfield tag="001">010323304</marc:controlfield>
        <marc:controlfield tag="003">FI-MELINDA</marc:controlfield>
        <marc:controlfield tag="005">20210117023643.0</marc:controlfield>
        <marc:controlfield tag="008">101008s1982    xxk|||||||||| ||||||||||c</marc:controlfield>
        <marc:datafield tag="100" ind1="1" ind2=" ">
            <marc:subfield code="a">Ballard, J. G.</marc:subfield>
            <marc:subfield code="1">http://viaf.org/viaf/9842556</marc:subfield>
            <marc:subfield code="4">http://rdaregistry.info/Elements/w/object/P10061</marc:subfield>
        </marc:datafield>
        <marc:datafield tag="240" ind1="1" ind2=" ">
            <marc:subfield code="a">Venus smiles</marc:subfield>
            <marc:subfield code="1">http://viaf.org/viaf/311471640</marc:subfield>
        </marc:datafield>
        <marc:datafield tag="245" ind1="1" ind2="0">
            <marc:subfield code="a">Venus smiles.</marc:subfield>
        </marc:datafield>
        <marc:datafield tag="336" ind1=" " ind2=" ">
            <marc:subfield code="a">teksti</marc:subfield>
            <marc:subfield code="b">txt</marc:subfield>
            <marc:subfield code="2">rdacontent</marc:subfield>
            <marc:subfield code="0">http://rdaregistry.info/termList/RDAContentType/1020</marc:subfield>
        </marc:datafield>
        <marc:datafield tag="337" ind1=" " ind2=" ">
            <marc:subfield code="a">käytettävissä ilman laitetta</marc:subfield>
            <marc:subfield code="b">n</marc:subfield>
            <marc:subfield code="2">rdamedia</marc:subfield>
            <marc:subfield code="0">http://rdaregistry.info/termList/RDAMediaType/1007</marc:subfield>
        </marc:datafield>
        <marc:datafield tag="758" ind1=" " ind2=" ">
            <marc:subfield code="a">Vermillion sands</marc:subfield>
            <marc:subfield code="1">http://viaf.org/viaf/307991538</marc:subfield>
            <marc:subfield code="4">http://rdaregistry.info/Elements/w/object/P10019</marc:subfield>
        </marc:datafield>
        <marc:datafield tag="773" ind1="0" ind2=" ">
            <marc:subfield code="7">nnam</marc:subfield>
            <marc:subfield code="w">(FI-MELINDA)010138506</marc:subfield>
            <marc:subfield code="t">Modern short stories. -</marc:subfield>
            <marc:subfield code="d">London : Dent. -</marc:subfield>
            <marc:subfield code="z">0-460-01149-9. -</marc:subfield>
            <marc:subfield code="g">2</marc:subfield>
        </marc:datafield>
    </marc:record>