
    <marc:record>
        <marc:leader>03815cam a22004813a 4500</marc:leader>
        <marc:controlfield tag="001">12518026</marc:controlfield>
        <marc:controlfield tag="003">SE-LIBR</marc:controlfield>
        <marc:controlfield tag="005">20120504180924.0</marc:controlfield>
        <marc:controlfield tag="007">cr |||   |||||         </marc:controlfield>
        <marc:controlfield tag="008">120131s2004    xxk|||||o|||||000 e|eng|d</marc:controlfield>
        <marc:datafield tag="020" ind1=" " ind2=" ">
            <marc:subfield code="a">0230502989</marc:subfield>
            <marc:subfield code="c">£64.40</marc:subfield>
        </marc:datafield>
        <marc:datafield tag="020" ind1=" " ind2=" ">
            <marc:subfield code="a">9780230502987</marc:subfield>
            <marc:subfield code="c">£64.40</marc:subfield>
        </marc:datafield>
        <marc:datafield tag="020" ind1=" " ind2=" ">
            <marc:subfield code="z">9781403944467 (Print)</marc:subfield>
        </marc:datafield>
        <marc:datafield tag="040" ind1=" " ind2=" ">
            <marc:subfield code="a">UK-WkNB</marc:subfield>
            <marc:subfield code="b">eng</marc:subfield>
            <marc:subfield code="c">UK-WkNB</marc:subfield>
            <marc:subfield code="e">a</marc:subfield>
        </marc:datafield>
        <marc:datafield tag="041" ind1=" " ind2=" ">
            <marc:subfield code="a">eng</marc:subfield>
        </marc:datafield>
        <marc:datafield tag="072" ind1=" " ind2="7">
            <marc:subfield code="a">DNF</marc:subfield>
            <marc:subfield code="2">bicssc</marc:subfield>
        </marc:datafield>
        <marc:datafield tag="072" ind1=" " ind2="7">
            <marc:subfield code="a">JMH</marc:subfield>
            <marc:subfield code="2">bicssc</marc:subfield>
        </marc:datafield>
        <marc:datafield tag="072" ind1=" " ind2="7">
            <marc:subfield code="a">LIT</marc:subfield>
            <marc:subfield code="2">eflch</marc:subfield>
        </marc:datafield>
        <marc:datafield tag="100" ind1="1" ind2=" ">
            <marc:subfield code="a">Ng, Andrew Hock-soon</marc:subfield>
            <marc:subfield code="d">1972-</marc:subfield>
            <marc:subfield code="4">aut</marc:subfield>
            <marc:subfield code="1">http://viaf.org/viaf/6037362</marc:subfield>
            <marc:subfield code="4">http://rdaregistry.info/Elements/w/object/P10061</marc:subfield>
        </marc:datafield>
        <marc:datafield tag="240" ind1=" " ind2=" ">
            <marc:subfield code="a">Dimensions of monstrosity in contemporary narratives</marc:subfield>
            <marc:subfield code="1">http://viaf.org/viaf/6037362/dimensions</marc:subfield>
        </marc:datafield>
        <marc:datafield tag="245" ind1="1" ind2="0">
            <marc:subfield code="a">Dimensions of monstrosity in contemporary narratives</marc:subfield>
            <marc:subfield code="h">[Elektronisk resurs]</marc:subfield>
            <marc:subfield code="b">Theory, psychoanalysis, postmodernism /</marc:subfield>
            <marc:subfield code="c">Andrew Hock-soon Ng.</marc:subfield>
        </marc:datafield>
        <marc:datafield tag="264" ind1=" " ind2="1">
            <marc:subfield code="a">Basingstoke :</marc:subfield>
            <marc:subfield code="b">Palgrave Macmillan,</marc:subfield>
            <marc:subfield code="c">2004</marc:subfield>
        </marc:datafield>
        <marc:datafield tag="300" ind1=" " ind2=" ">
            <marc:subfield code="a">240 pages.</marc:subfield>
        </marc:datafield>
        <marc:datafield tag="336" ind1=" " ind2=" ">
            <marc:subfield code="a">tekst</marc:subfield>
            <marc:subfield code="0">http://rdaregistry.info/termList/RDAContentType/1020</marc:subfield>
        </marc:datafield>
        <marc:datafield tag="337" ind1=" " ind2=" ">
            <marc:subfield code="a">datamaskin</marc:subfield>
            <marc:subfield code="0">http://rdaregistry.info/termList/RDAMediaType/1003</marc:subfield>
        </marc:datafield>
        <marc:datafield tag="338" ind1=" " ind2=" ">
            <marc:subfield code="a">online ressurs</marc:subfield>
            <marc:subfield code="0">http://rdaregistry.info/termList/RDACarrierType/1018</marc:subfield>
        </marc:datafield>
        <marc:datafield tag="347" ind1=" " ind2=" ">
            <marc:subfield code="a">data file</marc:subfield>
            <marc:subfield code="2">rda</marc:subfield>
        </marc:datafield>
        <marc:datafield tag="365" ind1=" " ind2=" ">
            <marc:subfield code="a">02</marc:subfield>
            <marc:subfield code="b">64.40</marc:subfield>
            <marc:subfield code="c">GBP</marc:subfield>
            <marc:subfield code="d">00</marc:subfield>
            <marc:subfield code="h">S 56.00 15.0 64.40 8.40</marc:subfield>
            <marc:subfield code="j">GB</marc:subfield>
            <marc:subfield code="k">xxk</marc:subfield>
            <marc:subfield code="m">Palgrave Macmillan</marc:subfield>
            <marc:subfield code="2">onix-pt</marc:subfield>
        </marc:datafield>
        <marc:datafield tag="366" ind1=" " ind2=" ">
            <marc:subfield code="b">20040914</marc:subfield>
            <marc:subfield code="c">IP 20090826</marc:subfield>
            <marc:subfield code="j">GB</marc:subfield>
            <marc:subfield code="k">xxk</marc:subfield>
            <marc:subfield code="m">Palgrave Macmillan</marc:subfield>
            <marc:subfield code="2">UK-WkNB</marc:subfield>
        </marc:datafield>
        <marc:datafield tag="380" ind1=" " ind2=" ">
            <marc:subfield code="a">Språkbasert verk</marc:subfield>
            <marc:subfield code="1">https://schema.nb.no/Bibliographic/Values/V1000</marc:subfield>
        </marc:datafield>
        <marc:datafield tag="500" ind1=" " ind2=" ">
            <marc:subfield code="a">Ebook.</marc:subfield>
        </marc:datafield>
        <marc:datafield tag="500" ind1=" " ind2=" ">
            <marc:subfield code="a">Originally published in: 2004.</marc:subfield>
        </marc:datafield>
        <marc:datafield tag="505" ind1="8" ind2=" ">
            <marc:subfield code="a">Acknowledgements Introduction: Dimensions of Monstrosity Monstrous Space Geopolitics of the Serial Killer Monstrous Progeny Monstrous Bodies Conclusion: The Language of Monstrosity Notes Bibliography Index.</marc:subfield>
        </marc:datafield>
        <marc:datafield tag="516" ind1=" " ind2=" ">
            <marc:subfield code="a">Document</marc:subfield>
        </marc:datafield>
        <marc:datafield tag="520" ind1=" " ind2=" ">
            <marc:subfield code="b">This study seeks to situate the monster in contemporary narratives. Deploying psychoanalysis, cultural theories, and recent studies in gender and sexuality, it discusses various forms of monstrous representations starting with lived space and concluding with language as a textual space for the creation/coercion of monstrosity. It argues that, unlike traditional monster narratives (notably the Gothic) which see the monster as an alien 'other' that has to be contemplated and finally expelled, contemporary monster narratives situate this 'other' with(in) us, so forcing us to reconsider our positions as subjectivities, and the socio-ideological space we inhabit. Popular fiction by Peter Ackroyd, J. G. Ballard, Doris Lessing, Iain Banks, Bret Easton Ellis, Joyce Carol Oates, Angela Carter, Patrick McGrath and Janice Galloway are discussed, showcasing an array of monstrous manifestations including various forms of monstrous spatiality (including language), the deformed body, the serial killer and the enigmatic child.</marc:subfield>
        </marc:datafield>
        <marc:datafield tag="538" ind1=" " ind2=" ">
            <marc:subfield code="a">Adobe Ebook Reader.</marc:subfield>
        </marc:datafield>
        <marc:datafield tag="545" ind1="0" ind2=" ">
            <marc:subfield code="a">ANDREW NG is Lecturer in Contemporary Fiction, Film Studies and Theories of Authorship and Writing at Monash University, Malaysia.</marc:subfield>
        </marc:datafield>
        <marc:datafield tag="650" ind1=" " ind2="7">
            <marc:subfield code="a">Literary essays.</marc:subfield>
            <marc:subfield code="2">bicssc</marc:subfield>
        </marc:datafield>
        <marc:datafield tag="650" ind1=" " ind2="7">
            <marc:subfield code="a">Literature.</marc:subfield>
            <marc:subfield code="2">eflch</marc:subfield>
        </marc:datafield>
        <marc:datafield tag="650" ind1=" " ind2="7">
            <marc:subfield code="a">Social, group or collective psychology.</marc:subfield>
            <marc:subfield code="2">bicssc</marc:subfield>
        </marc:datafield>
        <marc:datafield tag="856" ind1="4" ind2="0">
            <marc:subfield code="5">Hdig</marc:subfield>
            <marc:subfield code="u">http://link.sub.su.se/sfxsub?url_ver=Z39.88-2004&amp;ctx_ver=Z39.88-2004&amp;ctx_enc=info:ofi/enc:UTF-8&amp;rfr_id=info:sid/sfxit.com:opac_856&amp;url_ctx_fmt=info:ofi/fmt:kev:mtx:ctx&amp;sfx.ignore_date_threshold=1&amp;rft.object_id=1000000000343206&amp;svc_val_fmt=info:ofi/fmt:kev:mtx:sch_svc&amp;</marc:subfield>
            <marc:subfield code="z">Tillgänglig för användare inom Stockholms universitet</marc:subfield>
            <marc:subfield code="z">SpringerLink Books - AutoHoldings:Full Text</marc:subfield>
        </marc:datafield>
        <marc:datafield tag="856" ind1="4" ind2="0">
            <marc:subfield code="5">Tdig</marc:subfield>
            <marc:subfield code="u">http://pmt-eu.hosted.exlibrisgroup.com/openurl/46KTH/46KTH_services_page?u.ignore_date_coverage=true&amp;rft.mms_id=99525053202456</marc:subfield>
            <marc:subfield code="z">Online access for KTHB</marc:subfield>
            <marc:subfield code="z">fulltext</marc:subfield>
            <marc:subfield code="z">Springer</marc:subfield>
        </marc:datafield>
        <marc:datafield tag="856" ind1="4" ind2="2">
            <marc:subfield code="u">http://dx.doi.org/10.1057/9780230502987</marc:subfield>
            <marc:subfield code="x">856other</marc:subfield>
            <marc:subfield code="z">Table of Contents / Abstracts</marc:subfield>
        </marc:datafield>
    </marc:record>