
    <marc:record>
        <marc:leader>01898 am a2200373ui 4500</marc:leader>
        <marc:controlfield tag="001">006742115</marc:controlfield>
        <marc:controlfield tag="003">UK</marc:controlfield>
        <marc:controlfield tag="005">20160601115100.0</marc:controlfield>
        <marc:controlfield tag="008">761113s1976    enkac   |     001 | eng  </marc:controlfield>
        <marc:datafield tag="015" ind1=" " ind2=" ">
            <marc:subfield code="a">GB7633565</marc:subfield>
            <marc:subfield code="2">bnb</marc:subfield>
        </marc:datafield>
        <marc:datafield tag="019" ind1="1" ind2=" ">
            <marc:subfield code="a">090522003x</marc:subfield>
        </marc:datafield>
        <marc:datafield tag="020" ind1=" " ind2=" ">
            <marc:subfield code="a">090522003X :</marc:subfield>
            <marc:subfield code="c">£3.75</marc:subfield>
        </marc:datafield>
        <marc:datafield tag="020" ind1=" " ind2=" ">
            <marc:subfield code="a">0905220048</marc:subfield>
        </marc:datafield>
        <marc:datafield tag="040" ind1=" " ind2=" ">
            <marc:subfield code="a">Uk</marc:subfield>
            <marc:subfield code="c">Uk</marc:subfield>
        </marc:datafield>
        <marc:datafield tag="050" ind1="0" ind2="0">
            <marc:subfield code="a">PR6052.A46Z/</marc:subfield>
        </marc:datafield>
        <marc:datafield tag="082" ind1="0" ind2="4">
            <marc:subfield code="a">823/.9/14</marc:subfield>
            <marc:subfield code="2">18</marc:subfield>
        </marc:datafield>
        <marc:datafield tag="082" ind1="0" ind2="4">
            <marc:subfield code="a">823/.914</marc:subfield>
            <marc:subfield code="2">19</marc:subfield>
        </marc:datafield>
        <marc:datafield tag="130" ind1="0" ind2="0">
            <marc:subfield code="a">J.G. Ballard, the first twenty years</marc:subfield>
            <marc:subfield code="1">http://viaf.org/viaf/9408966/jgballard</marc:subfield>
        </marc:datafield>
        <marc:datafield tag="245" ind1="0" ind2="0">
            <marc:subfield code="a">J.G. Ballard, the first twenty years /</marc:subfield>
            <marc:subfield code="c">edited and compiled by James Goddard &amp; David Pringle ; with illustrations by Carol Gregory.</marc:subfield>
        </marc:datafield>
        <marc:datafield tag="260" ind1=" " ind2=" ">
            <marc:subfield code="a">Hayes (91 Wimborne Ave., Hayes, Middlesex) :</marc:subfield>
            <marc:subfield code="b">Bran's Head Books Ltd,</marc:subfield>
            <marc:subfield code="c">1976.</marc:subfield>
        </marc:datafield>
        <marc:datafield tag="300" ind1=" " ind2=" ">
            <marc:subfield code="a">[10],76,[24]p. :</marc:subfield>
            <marc:subfield code="b">illustrations, 1port. ;</marc:subfield>
            <marc:subfield code="c">22cm.</marc:subfield>
        </marc:datafield>
        <marc:datafield tag="336" ind1=" " ind2=" ">
            <marc:subfield code="a">text</marc:subfield>
            <marc:subfield code="2">rdacontent</marc:subfield>
            <marc:subfield code="0">http://rdaregistry.info/termList/RDAContentType/1020</marc:subfield>
        </marc:datafield>
        <marc:datafield tag="337" ind1=" " ind2=" ">
            <marc:subfield code="a">unmediated</marc:subfield>
            <marc:subfield code="2">rdamedia</marc:subfield>
            <marc:subfield code="0">http://rdaregistry.info/termList/RDAMediaType/1007</marc:subfield>
        </marc:datafield>
        <marc:datafield tag="338" ind1=" " ind2=" ">
            <marc:subfield code="a">volume</marc:subfield>
            <marc:subfield code="2">rdacarrier</marc:subfield>
            <marc:subfield code="0">http://rdaregistry.info/termList/RDACarrierType/1049</marc:subfield>
        </marc:datafield>
        <marc:datafield tag="504" ind1=" " ind2=" ">
            <marc:subfield code="a">Includes bibliographies and index.</marc:subfield>
        </marc:datafield>
        <marc:datafield tag="505" ind1="0" ind2=" ">
            <marc:subfield code="a">Includes: 'An interview with J.G. Ballard'.</marc:subfield>
        </marc:datafield>
        <marc:datafield tag="600" ind1="1" ind2="0">
            <marc:subfield code="a">Ballard, J. G.</marc:subfield>
            <marc:subfield code="d">1930-2009</marc:subfield>
            <marc:subfield code="x">Criticism and interpretation</marc:subfield>
            <marc:subfield code="1">http://viaf.org/viaf/9842556</marc:subfield>
        </marc:datafield>
        <marc:datafield tag="650" ind1=" " ind2="0">
            <marc:subfield code="a">Science fiction, English</marc:subfield>
            <marc:subfield code="x">Bibliography.</marc:subfield>
        </marc:datafield>
        <marc:datafield tag="650" ind1=" " ind2="0">
            <marc:subfield code="a">Science fiction, English</marc:subfield>
            <marc:subfield code="x">History and criticism.</marc:subfield>
        </marc:datafield>
        <marc:datafield tag="653" ind1=" " ind2=" ">
            <marc:subfield code="a">Fiction in English</marc:subfield>
            <marc:subfield code="a">Ballard, J</marc:subfield>
            <marc:subfield code="a">G</marc:subfield>
            <marc:subfield code="a">(James Graham)</marc:subfield>
            <marc:subfield code="a">1930-</marc:subfield>
        </marc:datafield>
        <marc:datafield tag="700" ind1="1" ind2=" ">
            <marc:subfield code="a">Ballard, J. G.</marc:subfield>
            <marc:subfield code="d">1930-2009</marc:subfield>
            <marc:subfield code="4">att</marc:subfield>
            <marc:subfield code="4">ive</marc:subfield>
            <marc:subfield code="1">http://viaf.org/viaf/9842556</marc:subfield>
            <marc:subfield code="4">http://rdaregistry.info/Elements/w/object/P10059</marc:subfield>
        </marc:datafield>
        <marc:datafield tag="700" ind1="1" ind2=" ">
            <marc:subfield code="a">Goddard, James</marc:subfield>
            <marc:subfield code="4">edt</marc:subfield>
            <marc:subfield code="4">edc</marc:subfield>
            <marc:subfield code="1">http://viaf.org/viaf/9408966</marc:subfield>
            <marc:subfield code="4">http://rdaregistry.info/Elements/m/object/P30267</marc:subfield>
        </marc:datafield>
        <marc:datafield tag="700" ind1="1" ind2=" ">
            <marc:subfield code="a">Gregory, Carol</marc:subfield>
            <marc:subfield code="4">ill</marc:subfield>
            <marc:subfield code="4">http://rdaregistry.info/Elements/w/object/P10203</marc:subfield>
            <marc:subfield code="1">http://viaf.org/viaf/296601530</marc:subfield>
        </marc:datafield>
        <marc:datafield tag="700" ind1="1" ind2=" ">
            <marc:subfield code="a">Pringle, David</marc:subfield>
            <marc:subfield code="d">1950-</marc:subfield>
            <marc:subfield code="4">edt</marc:subfield>
            <marc:subfield code="4">edc</marc:subfield>
            <marc:subfield code="1">http://viaf.org/viaf/22226089</marc:subfield>
            <marc:subfield code="4">http://rdaregistry.info/Elements/m/object/P30267</marc:subfield>
        </marc:datafield>
    </marc:record>