
    <marc:record>
        <marc:leader>04291cam a22005173a 4500</marc:leader>
        <marc:controlfield tag="001">12518426</marc:controlfield>
        <marc:controlfield tag="003">SE-LIBR</marc:controlfield>
        <marc:controlfield tag="005">20130813183501.0</marc:controlfield>
        <marc:controlfield tag="007">cr |||   |||||         </marc:controlfield>
        <marc:controlfield tag="008">120131s2009    xxk|||||o|||||000 e|eng|d</marc:controlfield>
        <marc:datafield tag="020" ind1=" " ind2=" ">
            <marc:subfield code="a">0230594727</marc:subfield>
            <marc:subfield code="c">£57.50</marc:subfield>
        </marc:datafield>
        <marc:datafield tag="020" ind1=" " ind2=" ">
            <marc:subfield code="a">9780230594722</marc:subfield>
            <marc:subfield code="c">£57.50</marc:subfield>
        </marc:datafield>
        <marc:datafield tag="020" ind1=" " ind2=" ">
            <marc:subfield code="z">9780230202955 (Print)</marc:subfield>
        </marc:datafield>
        <marc:datafield tag="040" ind1=" " ind2=" ">
            <marc:subfield code="a">UK-WkNB</marc:subfield>
            <marc:subfield code="b">eng</marc:subfield>
            <marc:subfield code="c">UK-WkNB</marc:subfield>
            <marc:subfield code="e">a</marc:subfield>
        </marc:datafield>
        <marc:datafield tag="041" ind1=" " ind2=" ">
            <marc:subfield code="a">eng</marc:subfield>
        </marc:datafield>
        <marc:datafield tag="072" ind1=" " ind2="7">
            <marc:subfield code="a">DNF</marc:subfield>
            <marc:subfield code="2">bicssc</marc:subfield>
        </marc:datafield>
        <marc:datafield tag="072" ind1=" " ind2="7">
            <marc:subfield code="a">HBJD</marc:subfield>
            <marc:subfield code="2">bicssc</marc:subfield>
        </marc:datafield>
        <marc:datafield tag="072" ind1=" " ind2="7">
            <marc:subfield code="a">HBWQ</marc:subfield>
            <marc:subfield code="2">bicssc</marc:subfield>
        </marc:datafield>
        <marc:datafield tag="072" ind1=" " ind2="7">
            <marc:subfield code="a">HIS</marc:subfield>
            <marc:subfield code="2">eflch</marc:subfield>
        </marc:datafield>
        <marc:datafield tag="072" ind1=" " ind2="7">
            <marc:subfield code="a">JFC</marc:subfield>
            <marc:subfield code="2">bicssc</marc:subfield>
        </marc:datafield>
        <marc:datafield tag="100" ind1="1" ind2=" ">
            <marc:subfield code="a">Crosthwaite, Paul</marc:subfield>
            <marc:subfield code="d">1980-</marc:subfield>
            <marc:subfield code="1">http://viaf.org/viaf/85978105</marc:subfield>
            <marc:subfield code="4">http://rdaregistry.info/Elements/w/object/P10061</marc:subfield>
        </marc:datafield>
        <marc:datafield tag="240" ind1=" " ind2=" ">
            <marc:subfield code="a">Trauma, postmodernism and the aftermath of World War II</marc:subfield>
            <marc:subfield code="1">http://viaf.org/viaf/85978105/trauma</marc:subfield>
        </marc:datafield>
        <marc:datafield tag="245" ind1="1" ind2="0">
            <marc:subfield code="a">Trauma, postmodernism and the aftermath of World War II</marc:subfield>
            <marc:subfield code="h">[Elektronisk resurs] /</marc:subfield>
            <marc:subfield code="c">Paul Crosthwaite.</marc:subfield>
        </marc:datafield>
        <marc:datafield tag="264" ind1=" " ind2="1">
            <marc:subfield code="a">Basingstoke :</marc:subfield>
            <marc:subfield code="b">Palgrave Macmillan,</marc:subfield>
            <marc:subfield code="c">2009</marc:subfield>
        </marc:datafield>
        <marc:datafield tag="300" ind1=" " ind2=" ">
            <marc:subfield code="a">240 pages.</marc:subfield>
        </marc:datafield>
        <marc:datafield tag="336" ind1=" " ind2=" ">
            <marc:subfield code="a">tekst</marc:subfield>
            <marc:subfield code="0">http://rdaregistry.info/termList/RDAContentType/1020</marc:subfield>
        </marc:datafield>
        <marc:datafield tag="337" ind1=" " ind2=" ">
            <marc:subfield code="a">datamaskin</marc:subfield>
            <marc:subfield code="0">http://rdaregistry.info/termList/RDAMediaType/1003</marc:subfield>
        </marc:datafield>
        <marc:datafield tag="338" ind1=" " ind2=" ">
            <marc:subfield code="a">online ressurs</marc:subfield>
            <marc:subfield code="0">http://rdaregistry.info/termList/RDACarrierType/1018</marc:subfield>
        </marc:datafield>
        <marc:datafield tag="347" ind1=" " ind2=" ">
            <marc:subfield code="a">data file</marc:subfield>
            <marc:subfield code="2">rda</marc:subfield>
        </marc:datafield>
        <marc:datafield tag="365" ind1=" " ind2=" ">
            <marc:subfield code="a">02</marc:subfield>
            <marc:subfield code="b">57.50</marc:subfield>
            <marc:subfield code="c">GBP</marc:subfield>
            <marc:subfield code="d">00</marc:subfield>
            <marc:subfield code="h">S 50.00 15.0 57.50 7.50</marc:subfield>
            <marc:subfield code="j">GB</marc:subfield>
            <marc:subfield code="k">xxk</marc:subfield>
            <marc:subfield code="m">Palgrave Macmillan</marc:subfield>
            <marc:subfield code="2">onix-pt</marc:subfield>
        </marc:datafield>
        <marc:datafield tag="366" ind1=" " ind2=" ">
            <marc:subfield code="b">20090129</marc:subfield>
            <marc:subfield code="c">IP 20090826</marc:subfield>
            <marc:subfield code="j">GB</marc:subfield>
            <marc:subfield code="k">xxk</marc:subfield>
            <marc:subfield code="m">Palgrave Macmillan</marc:subfield>
            <marc:subfield code="2">UK-WkNB</marc:subfield>
        </marc:datafield>
        <marc:datafield tag="380" ind1=" " ind2=" ">
            <marc:subfield code="a">Språkbasert verk</marc:subfield>
            <marc:subfield code="1">https://schema.nb.no/Bibliographic/Values/V1000</marc:subfield>
        </marc:datafield>
        <marc:datafield tag="500" ind1=" " ind2=" ">
            <marc:subfield code="a">Ebook.</marc:subfield>
        </marc:datafield>
        <marc:datafield tag="500" ind1=" " ind2=" ">
            <marc:subfield code="a">Originally published in: 2009.</marc:subfield>
        </marc:datafield>
        <marc:datafield tag="505" ind1="8" ind2=" ">
            <marc:subfield code="a">Introduction War, Trauma, Postmodernism Gravity's Rainbow and Traumatic Models of History 'A Secret Code of Pain and Memory': Traumatic Repetition in the Fiction of J.G. Ballard Total War and the English Stream-of-Consciousness Novel: From Mrs Dalloway to Mother London Their Fathers' War: Negotiating the Legacy of World War II in Prisoner's Dilemma and Atonement Conclusion: Writing/Reading World War II After 9/11 Bibliography Index.</marc:subfield>
        </marc:datafield>
        <marc:datafield tag="516" ind1=" " ind2=" ">
            <marc:subfield code="a">Document</marc:subfield>
        </marc:datafield>
        <marc:datafield tag="520" ind1=" " ind2=" ">
            <marc:subfield code="a">The first sustained study of the relationship between Anglo-American postmodernist fiction and the Second World War, Crosthwaite demonstrates that postmodernism has not abandoned history but has rather reformulated it in terms of trauma that is traceable, time and again, to the catastrophes of the 1940s.</marc:subfield>
            <marc:subfield code="b">The radical, 'postmodernist' waves of experimentation that swept Anglo-American fiction from the late 1960s constitute a delayed response to the upheavals of the Second World War, yet the legacy of the war barely figures in prevalent accounts of the postmodernist movement. As Paul Crosthwaite shows in this provocative book, to recognize the significance of the war in contemporary culture is to acknowledge that postmodernism, as a sensibility, aesthetic style, and mode of thought, must be entirely reconceived. Challenging dominant theorizations of the postmodern as depthless and dehistoricized, Crosthwaite demonstrates that postmodernism has not abandoned history but has rather reformulated it in terms of trauma, trauma that is traceable, time and again, to the catastrophes of the 1940s. The book stages a revealing confrontation between influential theories of trauma and postmodernism and offers innovative close readings of key texts by Virginia Woolf, Thomas Pynchon, Michael Moorcock, J.G. Ballard, Richard Powers and Ian McEwan.</marc:subfield>
        </marc:datafield>
        <marc:datafield tag="520" ind1="1" ind2=" ">
            <marc:subfield code="a">'Written with elan, clarity and confidence, this book is at the cutting edge of &quot;second generation&quot; postmodernism: ethically serious, historically aware, theoretically and critically informed. In this outstanding piece of literary research, Crosthwaite has found a way of articulating both a vital influence on contemporary culture and an important historical debt.' -- Professor Robert Eaglestone, Royal Holloway, University of London, UK; author of The Holocaust and the Postmodern.</marc:subfield>
        </marc:datafield>
        <marc:datafield tag="538" ind1=" " ind2=" ">
            <marc:subfield code="a">Adobe Ebook Reader.</marc:subfield>
        </marc:datafield>
        <marc:datafield tag="545" ind1="0" ind2=" ">
            <marc:subfield code="a">PAUL CROSTHWAITE is Lecturer in English at Cardiff University, UK.</marc:subfield>
        </marc:datafield>
        <marc:datafield tag="650" ind1=" " ind2="7">
            <marc:subfield code="a">Cultural studies.</marc:subfield>
            <marc:subfield code="2">bicssc</marc:subfield>
        </marc:datafield>
        <marc:datafield tag="650" ind1=" " ind2="7">
            <marc:subfield code="a">European history.</marc:subfield>
            <marc:subfield code="2">bicssc</marc:subfield>
        </marc:datafield>
        <marc:datafield tag="650" ind1=" " ind2="7">
            <marc:subfield code="a">History.</marc:subfield>
            <marc:subfield code="2">eflch</marc:subfield>
        </marc:datafield>
        <marc:datafield tag="650" ind1=" " ind2="7">
            <marc:subfield code="a">Literary essays.</marc:subfield>
            <marc:subfield code="2">bicssc</marc:subfield>
        </marc:datafield>
        <marc:datafield tag="650" ind1=" " ind2="7">
            <marc:subfield code="a">Second World War.</marc:subfield>
            <marc:subfield code="2">bicssc</marc:subfield>
        </marc:datafield>
        <marc:datafield tag="856" ind1="4" ind2="2">
            <marc:subfield code="u">http://dx.doi.org/10.1057/9780230594722</marc:subfield>
            <marc:subfield code="x">856other</marc:subfield>
            <marc:subfield code="z">Table of Contents / Abstracts</marc:subfield>
        </marc:datafield>
    </marc:record>