
    <marc:record>
        <marc:leader>03303cam a22004337c 4500</marc:leader>
        <marc:controlfield tag="001">991345119214702201</marc:controlfield>
        <marc:controlfield tag="003">BIBSYS</marc:controlfield>
        <marc:controlfield tag="005">20220112090836.0</marc:controlfield>
        <marc:controlfield tag="007">ta</marc:controlfield>
        <marc:controlfield tag="008">150206s1970    xx |||||||||||000|||eng|d</marc:controlfield>
        <marc:datafield tag="020" ind1=" " ind2=" ">
            <marc:subfield code="a">0583118089</marc:subfield>
            <marc:subfield code="q">h.</marc:subfield>
        </marc:datafield>
        <marc:datafield tag="040" ind1=" " ind2=" ">
            <marc:subfield code="a">NO-TrBIB</marc:subfield>
            <marc:subfield code="b">nob</marc:subfield>
            <marc:subfield code="e">katreg</marc:subfield>
        </marc:datafield>
        <marc:datafield tag="245" ind1="0" ind2="0">
            <marc:subfield code="a">SF the best of the best :</marc:subfield>
            <marc:subfield code="b">Part two</marc:subfield>
            <marc:subfield code="c">Edited by Judith Merril</marc:subfield>
        </marc:datafield>
        <marc:datafield tag="260" ind1=" " ind2=" ">
            <marc:subfield code="a">London</marc:subfield>
            <marc:subfield code="b">Mayflower</marc:subfield>
            <marc:subfield code="c">1970</marc:subfield>
        </marc:datafield>
        <marc:datafield tag="300" ind1=" " ind2=" ">
            <marc:subfield code="a">221 s.</marc:subfield>
        </marc:datafield>
        <marc:datafield tag="336" ind1=" " ind2=" ">
            <marc:subfield code="a">tekst</marc:subfield>
            <marc:subfield code="0">http://rdaregistry.info/termList/RDAContentType/1020</marc:subfield>
        </marc:datafield>
        <marc:datafield tag="337" ind1=" " ind2=" ">
            <marc:subfield code="a">uformidlet</marc:subfield>
            <marc:subfield code="0">http://rdaregistry.info/termList/RDAMediaType/1007</marc:subfield>
        </marc:datafield>
        <marc:datafield tag="338" ind1=" " ind2=" ">
            <marc:subfield code="a">bind</marc:subfield>
            <marc:subfield code="0">http://rdaregistry.info/termList/RDACarrierType/1049</marc:subfield>
        </marc:datafield>
        <marc:datafield tag="380" ind1=" " ind2=" ">
            <marc:subfield code="a">Språkbasert verk</marc:subfield>
            <marc:subfield code="1">https://schema.nb.no/Bibliographic/Values/V1000</marc:subfield>
        </marc:datafield>
        <marc:datafield tag="490" ind1="1" ind2=" ">
            <marc:subfield code="a">SF the best of the best</marc:subfield>
            <marc:subfield code="v">2</marc:subfield>
        </marc:datafield>
        <marc:datafield tag="655" ind1=" " ind2="7">
            <marc:subfield code="a">science fiction</marc:subfield>
            <marc:subfield code="2">noubonm</marc:subfield>
        </marc:datafield>
        <marc:datafield tag="700" ind1="1" ind2=" ">
            <marc:subfield code="a">Aldiss, Brian W.</marc:subfield>
            <marc:subfield code="d">1925-</marc:subfield>
            <marc:subfield code="4">ctb</marc:subfield>
            <marc:subfield code="0">(NO-TrBIB)90056060</marc:subfield>
            <marc:subfield code="1">http://viaf.org/viaf/2465493</marc:subfield>
            <marc:subfield code="4">http://rdaregistry.info/Elements/m/object/P30327</marc:subfield>
        </marc:datafield>
        <marc:datafield tag="700" ind1="1" ind2=" ">
            <marc:subfield code="a">Allen, Steve</marc:subfield>
            <marc:subfield code="0">(NO-TrBIB)11017809</marc:subfield>
            <marc:subfield code="4">ctb</marc:subfield>
            <marc:subfield code="4">http://rdaregistry.info/Elements/m/object/P30327</marc:subfield>
            <marc:subfield code="1">http://example.org/person/allensteve</marc:subfield>
        </marc:datafield>
        <marc:datafield tag="700" ind1="1" ind2=" ">
            <marc:subfield code="a">Asimov, Isaac</marc:subfield>
            <marc:subfield code="d">1920-1992</marc:subfield>
            <marc:subfield code="0">(NO-TrBIB)90104376</marc:subfield>
            <marc:subfield code="4">ctb</marc:subfield>
            <marc:subfield code="1">http://viaf.org/viaf/24597135</marc:subfield>
            <marc:subfield code="4">http://rdaregistry.info/Elements/m/object/P30327</marc:subfield>
        </marc:datafield>
        <marc:datafield tag="700" ind1="1" ind2=" ">
            <marc:subfield code="a">Ballard, J. G.</marc:subfield>
            <marc:subfield code="d">1930-2009</marc:subfield>
            <marc:subfield code="0">(NO-TrBIB)90199005</marc:subfield>
            <marc:subfield code="4">ctb</marc:subfield>
            <marc:subfield code="1">http://viaf.org/viaf/9842556</marc:subfield>
            <marc:subfield code="4">http://rdaregistry.info/Elements/m/object/P30327</marc:subfield>
        </marc:datafield>
        <marc:datafield tag="700" ind1="1" ind2=" ">
            <marc:subfield code="a">Bryam, George</marc:subfield>
            <marc:subfield code="0">(NO-TrBIB)13071823</marc:subfield>
            <marc:subfield code="4">ctb</marc:subfield>
            <marc:subfield code="4">http://rdaregistry.info/Elements/m/object/P30327</marc:subfield>
            <marc:subfield code="1">http://example.org/person/bryamgeorge</marc:subfield>
        </marc:datafield>
        <marc:datafield tag="700" ind1="1" ind2=" ">
            <marc:subfield code="a">Budrys, Algis</marc:subfield>
            <marc:subfield code="d">1931-</marc:subfield>
            <marc:subfield code="0">(NO-TrBIB)12064560</marc:subfield>
            <marc:subfield code="4">ctb</marc:subfield>
            <marc:subfield code="1">http://viaf.org/viaf/93054017</marc:subfield>
            <marc:subfield code="4">http://rdaregistry.info/Elements/m/object/P30327</marc:subfield>
        </marc:datafield>
        <marc:datafield tag="700" ind1="1" ind2=" ">
            <marc:subfield code="a">Clifton, Mark</marc:subfield>
            <marc:subfield code="0">(NO-TrBIB)90246771</marc:subfield>
            <marc:subfield code="4">ctb</marc:subfield>
            <marc:subfield code="4">http://rdaregistry.info/Elements/m/object/P30327</marc:subfield>
            <marc:subfield code="1">http://example.org/person/cliftonmark</marc:subfield>
        </marc:datafield>
        <marc:datafield tag="700" ind1="1" ind2=" ">
            <marc:subfield code="a">Cogswell, Theodore R.</marc:subfield>
            <marc:subfield code="0">(NO-TrBIB)13002069</marc:subfield>
            <marc:subfield code="4">ctb</marc:subfield>
            <marc:subfield code="4">http://rdaregistry.info/Elements/m/object/P30327</marc:subfield>
            <marc:subfield code="1">http://viaf.org/viaf/305567497</marc:subfield>
        </marc:datafield>
        <marc:datafield tag="700" ind1="1" ind2=" ">
            <marc:subfield code="a">Davidson, Avram</marc:subfield>
            <marc:subfield code="0">(NO-TrBIB)13000919</marc:subfield>
            <marc:subfield code="4">ctb</marc:subfield>
            <marc:subfield code="4">http://rdaregistry.info/Elements/m/object/P30327</marc:subfield>
            <marc:subfield code="1">http://example.org/person/davidsonavram</marc:subfield>
        </marc:datafield>
        <marc:datafield tag="700" ind1="1" ind2=" ">
            <marc:subfield code="a">Emshwiller, Carol</marc:subfield>
            <marc:subfield code="d">1921-</marc:subfield>
            <marc:subfield code="0">(NO-TrBIB)13020578</marc:subfield>
            <marc:subfield code="4">ctb</marc:subfield>
            <marc:subfield code="4">http://rdaregistry.info/Elements/m/object/P30327</marc:subfield>
            <marc:subfield code="1">http://viaf.org/viaf/28624824</marc:subfield>
        </marc:datafield>
        <marc:datafield tag="700" ind1="1" ind2=" ">
            <marc:subfield code="a">Gehman, Richard</marc:subfield>
            <marc:subfield code="0">(NO-TrBIB)13071822</marc:subfield>
            <marc:subfield code="4">ctb</marc:subfield>
            <marc:subfield code="4">http://rdaregistry.info/Elements/m/object/P30327</marc:subfield>
            <marc:subfield code="1">http://example.org/person/gehmanrichard</marc:subfield>
        </marc:datafield>
        <marc:datafield tag="700" ind1="1" ind2=" ">
            <marc:subfield code="a">Jackson, Shirley</marc:subfield>
            <marc:subfield code="d">1916-1965</marc:subfield>
            <marc:subfield code="0">(NO-TrBIB)1533887371795</marc:subfield>
            <marc:subfield code="4">ctb</marc:subfield>
            <marc:subfield code="4">http://rdaregistry.info/Elements/m/object/P30327</marc:subfield>
            <marc:subfield code="1">http://example.org/person/jacksonshirley</marc:subfield>
        </marc:datafield>
        <marc:datafield tag="700" ind1="1" ind2=" ">
            <marc:subfield code="a">Knight, Damon</marc:subfield>
            <marc:subfield code="0">(NO-TrBIB)90762006</marc:subfield>
            <marc:subfield code="4">ctb</marc:subfield>
            <marc:subfield code="1">http://viaf.org/viaf/62070456</marc:subfield>
            <marc:subfield code="4">http://rdaregistry.info/Elements/m/object/P30327</marc:subfield>
        </marc:datafield>
        <marc:datafield tag="700" ind1="1" ind2=" ">
            <marc:subfield code="a">Leiber, Fritz</marc:subfield>
            <marc:subfield code="d">1910-1992</marc:subfield>
            <marc:subfield code="0">(NO-TrBIB)90705550</marc:subfield>
            <marc:subfield code="4">ctb</marc:subfield>
            <marc:subfield code="1">http://viaf.org/viaf/36920990</marc:subfield>
            <marc:subfield code="4">http://rdaregistry.info/Elements/m/object/P30327</marc:subfield>
        </marc:datafield>
        <marc:datafield tag="700" ind1="1" ind2=" ">
            <marc:subfield code="a">Merril, Judith</marc:subfield>
            <marc:subfield code="4">edt</marc:subfield>
            <marc:subfield code="4">edc</marc:subfield>
            <marc:subfield code="0">(NO-TrBIB)8036947</marc:subfield>
            <marc:subfield code="1">http://viaf.org/viaf/84170355</marc:subfield>
            <marc:subfield code="4">http://rdaregistry.info/Elements/m/object/P30267</marc:subfield>
        </marc:datafield>
        <marc:datafield tag="700" ind1="1" ind2=" ">
            <marc:subfield code="a">Sheckley, Robert</marc:subfield>
            <marc:subfield code="0">(NO-TrBIB)90222749</marc:subfield>
            <marc:subfield code="4">ctb</marc:subfield>
            <marc:subfield code="1">http://viaf.org/viaf/59089266</marc:subfield>
            <marc:subfield code="4">http://rdaregistry.info/Elements/m/object/P30327</marc:subfield>
        </marc:datafield>
        <marc:datafield tag="700" ind1="1" ind2=" ">
            <marc:subfield code="a">Worthington, Will</marc:subfield>
            <marc:subfield code="0">(NO-TrBIB)13071824</marc:subfield>
            <marc:subfield code="4">ctb</marc:subfield>
            <marc:subfield code="4">http://rdaregistry.info/Elements/m/object/P30327</marc:subfield>
            <marc:subfield code="1">http://example.org/person/worthingtonwill</marc:subfield>
        </marc:datafield>
        <marc:datafield tag="830" ind1=" " ind2="0">
            <marc:subfield code="a">SF the best of the best</marc:subfield>
            <marc:subfield code="v">2</marc:subfield>
        </marc:datafield>
    </marc:record>