
    <marc:record>
        <marc:leader>03288pam a2200577 c 4500</marc:leader>
        <marc:controlfield tag="001">988466864</marc:controlfield>
        <marc:controlfield tag="003">DE-101</marc:controlfield>
        <marc:controlfield tag="005">20200826145245.0</marc:controlfield>
        <marc:controlfield tag="007">tu</marc:controlfield>
        <marc:controlfield tag="008">080428s2008    au ||||| |||| 00||||ger  </marc:controlfield>
        <marc:datafield tag="015" ind1=" " ind2=" ">
            <marc:subfield code="a">09,A40,1503</marc:subfield>
            <marc:subfield code="z">08,N20,1508</marc:subfield>
            <marc:subfield code="2">dnb</marc:subfield>
        </marc:datafield>
        <marc:datafield tag="016" ind1="7" ind2=" ">
            <marc:subfield code="2">DE-101</marc:subfield>
            <marc:subfield code="a">988466864</marc:subfield>
        </marc:datafield>
        <marc:datafield tag="020" ind1=" " ind2=" ">
            <marc:subfield code="a">9783852861661</marc:subfield>
            <marc:subfield code="c">Pp. : ca. EUR 19.90</marc:subfield>
            <marc:subfield code="9">978-3-85286-166-1</marc:subfield>
        </marc:datafield>
        <marc:datafield tag="024" ind1="3" ind2=" ">
            <marc:subfield code="a">9783852861661</marc:subfield>
        </marc:datafield>
        <marc:datafield tag="040" ind1=" " ind2=" ">
            <marc:subfield code="a">1145</marc:subfield>
            <marc:subfield code="b">ger</marc:subfield>
            <marc:subfield code="c">DE-101</marc:subfield>
            <marc:subfield code="d">1140</marc:subfield>
        </marc:datafield>
        <marc:datafield tag="041" ind1=" " ind2=" ">
            <marc:subfield code="a">ger</marc:subfield>
            <marc:subfield code="h">eng</marc:subfield>
        </marc:datafield>
        <marc:datafield tag="044" ind1=" " ind2=" ">
            <marc:subfield code="c">XA-AT</marc:subfield>
        </marc:datafield>
        <marc:datafield tag="082" ind1="7" ind2="4">
            <marc:subfield code="a">820</marc:subfield>
            <marc:subfield code="a">B</marc:subfield>
            <marc:subfield code="q">DE-101</marc:subfield>
            <marc:subfield code="2">22sdnb</marc:subfield>
        </marc:datafield>
        <marc:datafield tag="090" ind1=" " ind2=" ">
            <marc:subfield code="a">b</marc:subfield>
        </marc:datafield>
        <marc:datafield tag="100" ind1="1" ind2=" ">
            <marc:subfield code="0">(DE-588)118656929</marc:subfield>
            <marc:subfield code="0">https://d-nb.info/gnd/118656929</marc:subfield>
            <marc:subfield code="0">(DE-101)118656929</marc:subfield>
            <marc:subfield code="a">Ballard, J. G.</marc:subfield>
            <marc:subfield code="d">1930-2009</marc:subfield>
            <marc:subfield code="e">Verfasser</marc:subfield>
            <marc:subfield code="4">aut</marc:subfield>
            <marc:subfield code="2">gnd</marc:subfield>
            <marc:subfield code="1">http://viaf.org/viaf/9842556</marc:subfield>
            <marc:subfield code="4">http://rdaregistry.info/Elements/w/object/P10061</marc:subfield>
        </marc:datafield>
        <marc:datafield tag="240" ind1="1" ind2="0">
            <marc:subfield code="0">(DE-588)104576583X</marc:subfield>
            <marc:subfield code="0">https://d-nb.info/gnd/104576583X</marc:subfield>
            <marc:subfield code="0">(DE-101)104576583X</marc:subfield>
            <marc:subfield code="a">The atrocity exhibition</marc:subfield>
            <marc:subfield code="2">gnd</marc:subfield>
            <marc:subfield code="1">http://viaf.org/viaf/182227002</marc:subfield>
        </marc:datafield>
        <marc:datafield tag="245" ind1="1" ind2="0">
            <marc:subfield code="a">Liebe &amp; Napalm</marc:subfield>
            <marc:subfield code="b">[Roman]</marc:subfield>
            <marc:subfield code="c">J. G. Ballard. Übers. von Carl Weissener. Mit einem Nachw. von Thomas Ballhausen und Thomas Edlinger</marc:subfield>
        </marc:datafield>
        <marc:datafield tag="246" ind1="3" ind2=" ">
            <marc:subfield code="a">Liebe und Napalm</marc:subfield>
        </marc:datafield>
        <marc:datafield tag="264" ind1=" " ind2="1">
            <marc:subfield code="a">Wien</marc:subfield>
            <marc:subfield code="b">Milena-Verl.</marc:subfield>
            <marc:subfield code="c">c 2008</marc:subfield>
        </marc:datafield>
        <marc:datafield tag="300" ind1=" " ind2=" ">
            <marc:subfield code="a">235 S.</marc:subfield>
            <marc:subfield code="c">21 cm</marc:subfield>
        </marc:datafield>
        <marc:datafield tag="336" ind1=" " ind2=" ">
            <marc:subfield code="a">Text</marc:subfield>
            <marc:subfield code="b">txt</marc:subfield>
            <marc:subfield code="2">rdacontent</marc:subfield>
            <marc:subfield code="0">http://rdaregistry.info/termList/RDAContentType/1020</marc:subfield>
        </marc:datafield>
        <marc:datafield tag="337" ind1=" " ind2=" ">
            <marc:subfield code="a">ohne Hilfsmittel zu benutzen</marc:subfield>
            <marc:subfield code="b">n</marc:subfield>
            <marc:subfield code="2">rdamedia</marc:subfield>
            <marc:subfield code="0">http://rdaregistry.info/termList/RDAMediaType/1007</marc:subfield>
        </marc:datafield>
        <marc:datafield tag="338" ind1=" " ind2=" ">
            <marc:subfield code="a">Band</marc:subfield>
            <marc:subfield code="b">nc</marc:subfield>
            <marc:subfield code="2">rdacarrier</marc:subfield>
            <marc:subfield code="0">http://rdaregistry.info/termList/RDACarrierType/1049</marc:subfield>
        </marc:datafield>
        <marc:datafield tag="490" ind1="1" ind2=" ">
            <marc:subfield code="a">Exquisite corpse</marc:subfield>
            <marc:subfield code="v">Bd. 2</marc:subfield>
        </marc:datafield>
        <marc:datafield tag="650" ind1=" " ind2="7">
            <marc:subfield code="0">(DE-588)4003157-3</marc:subfield>
            <marc:subfield code="0">https://d-nb.info/gnd/4003157-3</marc:subfield>
            <marc:subfield code="0">(DE-101)040031578</marc:subfield>
            <marc:subfield code="a">Arzt</marc:subfield>
            <marc:subfield code="9">rswk-swf</marc:subfield>
            <marc:subfield code="2">gnd</marc:subfield>
        </marc:datafield>
        <marc:datafield tag="650" ind1=" " ind2="7">
            <marc:subfield code="0">(DE-588)4052527-2</marc:subfield>
            <marc:subfield code="0">https://d-nb.info/gnd/4052527-2</marc:subfield>
            <marc:subfield code="0">(DE-101)040525279</marc:subfield>
            <marc:subfield code="a">Schizophrenie</marc:subfield>
            <marc:subfield code="9">rswk-swf</marc:subfield>
            <marc:subfield code="2">gnd</marc:subfield>
        </marc:datafield>
        <marc:datafield tag="650" ind1=" " ind2="7">
            <marc:subfield code="0">(DE-588)4138163-4</marc:subfield>
            <marc:subfield code="0">https://d-nb.info/gnd/4138163-4</marc:subfield>
            <marc:subfield code="0">(DE-101)041381637</marc:subfield>
            <marc:subfield code="a">Psychiatrische Klinik</marc:subfield>
            <marc:subfield code="9">rswk-swf</marc:subfield>
            <marc:subfield code="2">gnd</marc:subfield>
        </marc:datafield>
        <marc:datafield tag="651" ind1=" " ind2="7">
            <marc:subfield code="0">(DE-588)4074335-4</marc:subfield>
            <marc:subfield code="0">https://d-nb.info/gnd/4074335-4</marc:subfield>
            <marc:subfield code="0">(DE-101)040743357</marc:subfield>
            <marc:subfield code="a">London</marc:subfield>
            <marc:subfield code="9">rswk-swf</marc:subfield>
            <marc:subfield code="2">gnd</marc:subfield>
        </marc:datafield>
        <marc:datafield tag="653" ind1=" " ind2=" ">
            <marc:subfield code="a">(VLB-FS)Ballard, J. G.</marc:subfield>
        </marc:datafield>
        <marc:datafield tag="653" ind1=" " ind2=" ">
            <marc:subfield code="a">(VLB-FS)Ballard, James</marc:subfield>
        </marc:datafield>
        <marc:datafield tag="653" ind1=" " ind2=" ">
            <marc:subfield code="a">(VLB-FS)Liebe</marc:subfield>
        </marc:datafield>
        <marc:datafield tag="653" ind1=" " ind2=" ">
            <marc:subfield code="a">(VLB-FS)Napalm</marc:subfield>
        </marc:datafield>
        <marc:datafield tag="653" ind1=" " ind2=" ">
            <marc:subfield code="a">(VLB-FS)Weissener, Carl</marc:subfield>
        </marc:datafield>
        <marc:datafield tag="653" ind1=" " ind2=" ">
            <marc:subfield code="a">(VLB-PF)BB: Gebunden</marc:subfield>
        </marc:datafield>
        <marc:datafield tag="653" ind1=" " ind2=" ">
            <marc:subfield code="a">(VLB-WN)1112: HC/Belletristik/Gegenwartsliteratur (ab 1945)</marc:subfield>
        </marc:datafield>
        <marc:datafield tag="655" ind1=" " ind2="7">
            <marc:subfield code="0">(DE-588)1071854844</marc:subfield>
            <marc:subfield code="0">https://d-nb.info/gnd/1071854844</marc:subfield>
            <marc:subfield code="0">(DE-101)1071854844</marc:subfield>
            <marc:subfield code="a">Fiktionale Darstellung</marc:subfield>
            <marc:subfield code="2">gnd-content</marc:subfield>
        </marc:datafield>
        <marc:datafield tag="655" ind1=" " ind2="7">
            <marc:subfield code="a">Belletristische Darstellung</marc:subfield>
            <marc:subfield code="9">rswk-swf</marc:subfield>
            <marc:subfield code="2">gnd</marc:subfield>
        </marc:datafield>
        <marc:datafield tag="689" ind1="0" ind2=" ">
            <marc:subfield code="5">DE-101</marc:subfield>
            <marc:subfield code="5">DE-101</marc:subfield>
        </marc:datafield>
        <marc:datafield tag="689" ind1="0" ind2="0">
            <marc:subfield code="0">(DE-588)4074335-4</marc:subfield>
            <marc:subfield code="0">https://d-nb.info/gnd/4074335-4</marc:subfield>
            <marc:subfield code="0">(DE-101)040743357</marc:subfield>
            <marc:subfield code="D">g</marc:subfield>
            <marc:subfield code="a">London</marc:subfield>
        </marc:datafield>
        <marc:datafield tag="689" ind1="0" ind2="1">
            <marc:subfield code="0">(DE-588)4138163-4</marc:subfield>
            <marc:subfield code="0">https://d-nb.info/gnd/4138163-4</marc:subfield>
            <marc:subfield code="0">(DE-101)041381637</marc:subfield>
            <marc:subfield code="D">s</marc:subfield>
            <marc:subfield code="a">Psychiatrische Klinik</marc:subfield>
        </marc:datafield>
        <marc:datafield tag="689" ind1="0" ind2="2">
            <marc:subfield code="0">(DE-588)4003157-3</marc:subfield>
            <marc:subfield code="0">https://d-nb.info/gnd/4003157-3</marc:subfield>
            <marc:subfield code="0">(DE-101)040031578</marc:subfield>
            <marc:subfield code="D">s</marc:subfield>
            <marc:subfield code="a">Arzt</marc:subfield>
        </marc:datafield>
        <marc:datafield tag="689" ind1="0" ind2="3">
            <marc:subfield code="0">(DE-588)4052527-2</marc:subfield>
            <marc:subfield code="0">https://d-nb.info/gnd/4052527-2</marc:subfield>
            <marc:subfield code="0">(DE-101)040525279</marc:subfield>
            <marc:subfield code="D">s</marc:subfield>
            <marc:subfield code="a">Schizophrenie</marc:subfield>
        </marc:datafield>
        <marc:datafield tag="689" ind1="0" ind2="4">
            <marc:subfield code="A">f</marc:subfield>
            <marc:subfield code="a">Belletristische Darstellung</marc:subfield>
        </marc:datafield>
        <marc:datafield tag="700" ind1="1" ind2=" ">
            <marc:subfield code="0">(DE-588)107849410</marc:subfield>
            <marc:subfield code="0">https://d-nb.info/gnd/107849410</marc:subfield>
            <marc:subfield code="0">(DE-101)107849410</marc:subfield>
            <marc:subfield code="a">Weissner, Carl</marc:subfield>
            <marc:subfield code="d">1940-2012</marc:subfield>
            <marc:subfield code="e">Übersetzer</marc:subfield>
            <marc:subfield code="4">trl</marc:subfield>
            <marc:subfield code="2">gnd</marc:subfield>
            <marc:subfield code="4">http://rdaregistry.info/Elements/e/object/P20037</marc:subfield>
            <marc:subfield code="1">http://viaf.org/viaf/15298776</marc:subfield>
        </marc:datafield>
        <marc:datafield tag="830" ind1=" " ind2="0">
            <marc:subfield code="a">Exquisite corpse</marc:subfield>
            <marc:subfield code="v">Bd. 2</marc:subfield>
            <marc:subfield code="w">(DE-101)989486729</marc:subfield>
            <marc:subfield code="w">(DE-600)2435968-3</marc:subfield>
            <marc:subfield code="9">12</marc:subfield>
            <marc:subfield code="7">as</marc:subfield>
        </marc:datafield>
        <marc:datafield tag="856" ind1="4" ind2="2">
            <marc:subfield code="m">X:MVB</marc:subfield>
            <marc:subfield code="q">text/html</marc:subfield>
            <marc:subfield code="u">http://deposit.dnb.de/cgi-bin/dokserv?id=3095877&amp;prov=M&amp;dok_var=1&amp;dok_ext=htm</marc:subfield>
            <marc:subfield code="3">Inhaltstext</marc:subfield>
        </marc:datafield>
    </marc:record>