
    <marc:record>
        <marc:leader>02197nam a22003135c 4500</marc:leader>
        <marc:controlfield tag="001">999920843280402201</marc:controlfield>
        <marc:controlfield tag="003">BIBSYS</marc:controlfield>
        <marc:controlfield tag="005">20191215064140.0</marc:controlfield>
        <marc:controlfield tag="007">ta</marc:controlfield>
        <marc:controlfield tag="008">190424s1979    xxk    | |||||00||0 eng|c</marc:controlfield>
        <marc:datafield tag="020" ind1=" " ind2=" ">
            <marc:subfield code="a">0330258729</marc:subfield>
            <marc:subfield code="q">h.</marc:subfield>
        </marc:datafield>
        <marc:datafield tag="040" ind1=" " ind2=" ">
            <marc:subfield code="a">NO-TrBIB</marc:subfield>
            <marc:subfield code="b">nob</marc:subfield>
            <marc:subfield code="e">katreg</marc:subfield>
        </marc:datafield>
        <marc:datafield tag="245" ind1="1" ind2="0">
            <marc:subfield code="a">Stars of Albion /</marc:subfield>
            <marc:subfield code="c">Edited by Robert Holdstock &amp; Christopher Priest</marc:subfield>
        </marc:datafield>
        <marc:datafield tag="260" ind1=" " ind2=" ">
            <marc:subfield code="a">London</marc:subfield>
            <marc:subfield code="b">Pan Books</marc:subfield>
            <marc:subfield code="c">1979</marc:subfield>
        </marc:datafield>
        <marc:datafield tag="336" ind1=" " ind2=" ">
            <marc:subfield code="a">text</marc:subfield>
            <marc:subfield code="b">txt</marc:subfield>
            <marc:subfield code="2">rdacontent</marc:subfield>
            <marc:subfield code="0">http://rdaregistry.info/termList/RDAContentType/1020</marc:subfield>
        </marc:datafield>
        <marc:datafield tag="337" ind1=" " ind2=" ">
            <marc:subfield code="a">unmediated</marc:subfield>
            <marc:subfield code="b">n</marc:subfield>
            <marc:subfield code="2">rdamedia</marc:subfield>
            <marc:subfield code="0">http://rdaregistry.info/termList/RDAMediaType/1007</marc:subfield>
        </marc:datafield>
        <marc:datafield tag="338" ind1=" " ind2=" ">
            <marc:subfield code="a">volume</marc:subfield>
            <marc:subfield code="b">nc</marc:subfield>
            <marc:subfield code="2">rdacarrier</marc:subfield>
            <marc:subfield code="0">http://rdaregistry.info/termList/RDACarrierType/1049</marc:subfield>
        </marc:datafield>
        <marc:datafield tag="700" ind1="1" ind2=" ">
            <marc:subfield code="a">Holdstock, Robert</marc:subfield>
            <marc:subfield code="0">(NO-TrBIB)13011258</marc:subfield>
            <marc:subfield code="1">Holdstock, Robert</marc:subfield>
            <marc:subfield code="1">http://viaf.org/viaf/36919685</marc:subfield>
            <marc:subfield code="4">edt</marc:subfield>
            <marc:subfield code="4">edc</marc:subfield>
            <marc:subfield code="4">http://rdaregistry.info/Elements/m/object/P30267</marc:subfield>
        </marc:datafield>
        <marc:datafield tag="700" ind1="1" ind2=" ">
            <marc:subfield code="a">Priest, Christopher</marc:subfield>
            <marc:subfield code="d">1943-</marc:subfield>
            <marc:subfield code="0">(NO-TrBIB)90107012</marc:subfield>
            <marc:subfield code="1">http://viaf.org/viaf/54152946</marc:subfield>
            <marc:subfield code="4">edt</marc:subfield>
            <marc:subfield code="4">edc</marc:subfield>
            <marc:subfield code="4">http://rdaregistry.info/Elements/m/object/P30267</marc:subfield>
        </marc:datafield>
        <marc:datafield tag="700" ind1="1" ind2="2">
            <marc:subfield code="a">Aldiss, Brian W.</marc:subfield>
            <marc:subfield code="d">1925-</marc:subfield>
            <marc:subfield code="4">ctb</marc:subfield>
            <marc:subfield code="0">(NO-TrBIB)90056060</marc:subfield>
            <marc:subfield code="t">Sober Noises of Morning in a Marginal Land</marc:subfield>
            <marc:subfield code="1">http://www.isfdb.org/cgi-bin/title.cgi?51073</marc:subfield>
        </marc:datafield>
        <marc:datafield tag="700" ind1="1" ind2="2">
            <marc:subfield code="a">Ballard, J. G.</marc:subfield>
            <marc:subfield code="d">1930-2009</marc:subfield>
            <marc:subfield code="0">(NO-TrBIB)90199005</marc:subfield>
            <marc:subfield code="t">A Place and a Time to Die</marc:subfield>
            <marc:subfield code="1">http://www.isfdb.org/cgi-bin/title.cgi?57615</marc:subfield>
        </marc:datafield>
        <marc:datafield tag="700" ind1="1" ind2="2">
            <marc:subfield code="a">Bayley, Barrington J.</marc:subfield>
            <marc:subfield code="0">(NO-TrBIB)12069567</marc:subfield>
            <marc:subfield code="t">The Radius Riders</marc:subfield>
            <marc:subfield code="1">http://www.isfdb.org/cgi-bin/title.cgi?192485</marc:subfield>
        </marc:datafield>
        <marc:datafield tag="700" ind1="1" ind2="2">
            <marc:subfield code="a">Brunner, John</marc:subfield>
            <marc:subfield code="d">1934-1995</marc:subfield>
            <marc:subfield code="0">(NO-TrBIB)90763497</marc:subfield>
            <marc:subfield code="t">The Vitanuls</marc:subfield>
            <marc:subfield code="1">http://www.isfdb.org/cgi-bin/title.cgi?53848</marc:subfield>
        </marc:datafield>
        <marc:datafield tag="700" ind1="1" ind2="2">
            <marc:subfield code="a">Garnett, David S.</marc:subfield>
            <marc:subfield code="0">(NO-TrBIB)13023439</marc:subfield>
            <marc:subfield code="t">Warlord of Earth</marc:subfield>
            <marc:subfield code="1">http://www.isfdb.org/cgi-bin/title.cgi?920183</marc:subfield>
        </marc:datafield>
        <marc:datafield tag="700" ind1="1" ind2="2">
            <marc:subfield code="a">Masson, David I.</marc:subfield>
            <marc:subfield code="0">(NO-TrBIB)2019380</marc:subfield>
            <marc:subfield code="t">Traveller's Rest</marc:subfield>
            <marc:subfield code="1">http://www.isfdb.org/cgi-bin/title.cgi?43952</marc:subfield>
        </marc:datafield>
        <marc:datafield tag="700" ind1="1" ind2="2">
            <marc:subfield code="a">Roberts, Keith</marc:subfield>
            <marc:subfield code="d">1935-2000</marc:subfield>
            <marc:subfield code="0">(NO-TrBIB)6015507</marc:subfield>
            <marc:subfield code="t">Weihnachtsabend</marc:subfield>
            <marc:subfield code="1">http://www.isfdb.org/cgi-bin/title.cgi?77508</marc:subfield>
        </marc:datafield>
        <marc:datafield tag="700" ind1="1" ind2="2">
            <marc:subfield code="a">Saxton, Josephine</marc:subfield>
            <marc:subfield code="0">(NO-TrBIB)13001132</marc:subfield>
            <marc:subfield code="t">Dormant Soul</marc:subfield>
            <marc:subfield code="1">http://www.isfdb.org/cgi-bin/ea.cgi?1557</marc:subfield>
        </marc:datafield>
        <marc:datafield tag="700" ind1="1" ind2="2">
            <marc:subfield code="a">Shaw, Bob</marc:subfield>
            <marc:subfield code="0">(NO-TrBIB)9069015</marc:subfield>
            <marc:subfield code="t">The Giaconda Caper</marc:subfield>
            <marc:subfield code="1">http://www.isfdb.org/cgi-bin/title.cgi?94946</marc:subfield>
        </marc:datafield>
        <marc:datafield tag="700" ind1="1" ind2="2">
            <marc:subfield code="a">Watson, Ian</marc:subfield>
            <marc:subfield code="0">(NO-TrBIB)12030022</marc:subfield>
            <marc:subfield code="t">To the Pump Room with Jane</marc:subfield>
            <marc:subfield code="1">http://www.isfdb.org/cgi-bin/title.cgi?66479</marc:subfield>
        </marc:datafield>
    </marc:record>