
    <marc:record>
        <marc:leader>04473pam a2200541 a 4500</marc:leader>
        <marc:controlfield tag="001">999919900618102201</marc:controlfield>
        <marc:controlfield tag="003">BIBSYS</marc:controlfield>
        <marc:controlfield tag="005">20181024230606.0</marc:controlfield>
        <marc:controlfield tag="008">880603s1989    ilu     ob   s10100 eng  </marc:controlfield>
        <marc:datafield tag="010" ind1=" " ind2=" ">
            <marc:subfield code="a">   88018299</marc:subfield>
        </marc:datafield>
        <marc:datafield tag="020" ind1=" " ind2=" ">
            <marc:subfield code="a">0-585-18657-X</marc:subfield>
        </marc:datafield>
        <marc:datafield tag="040" ind1=" " ind2=" ">
            <marc:subfield code="a">DLC</marc:subfield>
            <marc:subfield code="c">DLC</marc:subfield>
            <marc:subfield code="d">HLS</marc:subfield>
        </marc:datafield>
        <marc:datafield tag="041" ind1=" " ind2=" ">
            <marc:subfield code="a">eng</marc:subfield>
        </marc:datafield>
        <marc:datafield tag="050" ind1="0" ind2=" ">
            <marc:subfield code="a">PN3435</marc:subfield>
            <marc:subfield code="b">.M55 1989</marc:subfield>
        </marc:datafield>
        <marc:datafield tag="082" ind1="0" ind2=" ">
            <marc:subfield code="a">809.3/876</marc:subfield>
            <marc:subfield code="2">19</marc:subfield>
        </marc:datafield>
        <marc:datafield tag="245" ind1="0" ind2="0">
            <marc:subfield code="a">Mindscapes, the geographies of imagined worlds /</marc:subfield>
            <marc:subfield code="c">edited by George E. Slusser and Eric S. Rabkin.</marc:subfield>
            <marc:subfield code="h">[electronic resource]</marc:subfield>
        </marc:datafield>
        <marc:datafield tag="260" ind1="0" ind2=" ">
            <marc:subfield code="a">Carbondale :</marc:subfield>
            <marc:subfield code="b">Southern Illinois University Press,</marc:subfield>
            <marc:subfield code="c">c1989.</marc:subfield>
        </marc:datafield>
        <marc:datafield tag="300" ind1=" " ind2=" ">
            <marc:subfield code="a">1 online resource (xiii, 302 pages )</marc:subfield>
        </marc:datafield>
        <marc:datafield tag="336" ind1=" " ind2=" ">
            <marc:subfield code="a">tekst</marc:subfield>
            <marc:subfield code="0">http://rdaregistry.info/termList/RDAContentType/1020</marc:subfield>
        </marc:datafield>
        <marc:datafield tag="336" ind1=" " ind2=" ">
            <marc:subfield code="a">text</marc:subfield>
            <marc:subfield code="b">txt</marc:subfield>
            <marc:subfield code="0">http://rdaregistry.info/termList/RDAContentType/1020</marc:subfield>
        </marc:datafield>
        <marc:datafield tag="337" ind1=" " ind2=" ">
            <marc:subfield code="a">computer</marc:subfield>
            <marc:subfield code="b">c</marc:subfield>
            <marc:subfield code="0">http://rdaregistry.info/termList/RDAMediaType/1003</marc:subfield>
        </marc:datafield>
        <marc:datafield tag="337" ind1=" " ind2=" ">
            <marc:subfield code="a">datamaskin</marc:subfield>
            <marc:subfield code="0">http://rdaregistry.info/termList/RDAMediaType/1003</marc:subfield>
        </marc:datafield>
        <marc:datafield tag="338" ind1=" " ind2=" ">
            <marc:subfield code="a">online resource</marc:subfield>
            <marc:subfield code="b">cr</marc:subfield>
            <marc:subfield code="0">http://rdaregistry.info/termList/RDACarrierType/1018</marc:subfield>
        </marc:datafield>
        <marc:datafield tag="338" ind1=" " ind2=" ">
            <marc:subfield code="a">online ressurs</marc:subfield>
            <marc:subfield code="0">http://rdaregistry.info/termList/RDACarrierType/1018</marc:subfield>
        </marc:datafield>
        <marc:datafield tag="380" ind1=" " ind2=" ">
            <marc:subfield code="a">Språkbasert verk</marc:subfield>
            <marc:subfield code="1">https://schema.nb.no/Bibliographic/Values/V1000</marc:subfield>
        </marc:datafield>
        <marc:datafield tag="440" ind1=" " ind2="0">
            <marc:subfield code="a">Alternatives</marc:subfield>
        </marc:datafield>
        <marc:datafield tag="490" ind1="0" ind2=" ">
            <marc:subfield code="a">Alternatives Mindscapes, the geographies of imagined worlds</marc:subfield>
        </marc:datafield>
        <marc:datafield tag="500" ind1=" " ind2=" ">
            <marc:subfield code="a">Essays presented at the Ninth Annual J. Lloyd Eaton Conference on Science Fiction and Fantasy Literature held Apr. 10-12, 1987 at the University of California, Riverside.</marc:subfield>
        </marc:datafield>
        <marc:datafield tag="504" ind1=" " ind2=" ">
            <marc:subfield code="a">Includes bibliographies and index.</marc:subfield>
        </marc:datafield>
        <marc:datafield tag="505" ind1="0" ind2="0">
            <marc:subfield code="t">Introduction: The concept of mindscape /</marc:subfield>
            <marc:subfield code="r">George E. Slusser and Eric S. Rabkin --</marc:subfield>
            <marc:subfield code="t">Nature : laws and surprises /</marc:subfield>
            <marc:subfield code="r">Poul Anderson --</marc:subfield>
            <marc:subfield code="t">The survival of myth in science fiction /</marc:subfield>
            <marc:subfield code="r">Wendy Doniger O'Flaherty --</marc:subfield>
            <marc:subfield code="t">&quot;The swelling act&quot; : the psychoanalytic geography of fantasy /</marc:subfield>
            <marc:subfield code="r">Ronald J. Heckelman --</marc:subfield>
            <marc:subfield code="t">Metaphorical drive, or, Why we're such good liars /</marc:subfield>
            <marc:subfield code="r">David Brin --</marc:subfield>
            <marc:subfield code="t">The playing fields of Eden /</marc:subfield>
            <marc:subfield code="r">Frank McConnell --</marc:subfield>
            <marc:subfield code="t">Bookscapes : science fiction in the library of Babel /</marc:subfield>
            <marc:subfield code="r">George E. Slusser --</marc:subfield>
            <marc:subfield code="t">Belief and other worlds : Ktesias and the founding of &quot;Indian wonders&quot; /</marc:subfield>
            <marc:subfield code="r">James Romm --</marc:subfield>
            <marc:subfield code="t">Universal mindscape : the Gaia hypothesis in science fiction /</marc:subfield>
            <marc:subfield code="r">Jack G. Voller --</marc:subfield>
            <marc:subfield code="t">Recent feminist utopias : world building and strategies for social change /</marc:subfield>
            <marc:subfield code="r">Peter Fitting --</marc:subfield>
            <marc:subfield code="t">Time and vast eternities : landscapes of immortality in Orson Scott Card's fiction /</marc:subfield>
            <marc:subfield code="r">Michael R. Collings --</marc:subfield>
            <marc:subfield code="t">Avenues of power : cities as mindscapes of politics /</marc:subfield>
            <marc:subfield code="r">Pascal J. Thomas --</marc:subfield>
            <marc:subfield code="t">The two landscapes of J.G. Ballard's Concrete Island /</marc:subfield>
            <marc:subfield code="r">Reinhart Lutz --</marc:subfield>
            <marc:subfield code="t">Neuroscience fiction : the Roman à synaptic cleft /</marc:subfield>
            <marc:subfield code="r">Joseph D. Miller --</marc:subfield>
            <marc:subfield code="t">Islands in the sky : space stations in the universe of science fiction /</marc:subfield>
            <marc:subfield code="r">Gary Westfahl --</marc:subfield>
            <marc:subfield code="t">What really happened on Mulberry Street? /</marc:subfield>
            <marc:subfield code="r">Bill Lee --</marc:subfield>
            <marc:subfield code="t">Infinity in your back pocket : pocket universes and adjacent worlds /</marc:subfield>
            <marc:subfield code="r">Max P. Belin --</marc:subfield>
            <marc:subfield code="t">Landscape and the Romantic dilemma : myth and metaphor in science-fiction narrative /</marc:subfield>
            <marc:subfield code="r">William Lomax --</marc:subfield>
            <marc:subfield code="t">&quot;The adjutant&quot; : suggestions for maps in time and space from Greene to Johnson to Lem /</marc:subfield>
            <marc:subfield code="r">Donald M. Hassler --</marc:subfield>
            <marc:subfield code="t">The ultimate mindscape : Dante's Paradiso /</marc:subfield>
            <marc:subfield code="r">Jean-Pierre Barricelli --</marc:subfield>
            <marc:subfield code="t">Pascal's terror /</marc:subfield>
            <marc:subfield code="r">Gregory Benford --</marc:subfield>
            <marc:subfield code="t">The revolutionary mindscape /</marc:subfield>
            <marc:subfield code="r">Gary Kern --</marc:subfield>
            <marc:subfield code="t">Suggestions for a typology of mindscapes /</marc:subfield>
            <marc:subfield code="r">David N. Samuelson.</marc:subfield>
        </marc:datafield>
        <marc:datafield tag="546" ind1=" " ind2=" ">
            <marc:subfield code="a">English</marc:subfield>
        </marc:datafield>
        <marc:datafield tag="650" ind1=" " ind2="0">
            <marc:subfield code="a">Fantasy literature</marc:subfield>
            <marc:subfield code="x">History and criticism</marc:subfield>
            <marc:subfield code="v">Congresses.</marc:subfield>
        </marc:datafield>
        <marc:datafield tag="650" ind1=" " ind2="0">
            <marc:subfield code="a">Fantasy literature</marc:subfield>
            <marc:subfield code="x">History and criticism</marc:subfield>
            <marc:subfield code="x">Congresses</marc:subfield>
        </marc:datafield>
        <marc:datafield tag="650" ind1=" " ind2="0">
            <marc:subfield code="a">Geographical myths in literature</marc:subfield>
            <marc:subfield code="v">Congresses.</marc:subfield>
        </marc:datafield>
        <marc:datafield tag="650" ind1=" " ind2="0">
            <marc:subfield code="a">Imaginary places in literature</marc:subfield>
            <marc:subfield code="v">Congresses.</marc:subfield>
        </marc:datafield>
        <marc:datafield tag="650" ind1=" " ind2="0">
            <marc:subfield code="a">Imaginary places in literature</marc:subfield>
            <marc:subfield code="x">Congresses</marc:subfield>
        </marc:datafield>
        <marc:datafield tag="650" ind1=" " ind2="0">
            <marc:subfield code="a">Science fiction</marc:subfield>
            <marc:subfield code="x">History and criticism</marc:subfield>
            <marc:subfield code="v">Congresses.</marc:subfield>
        </marc:datafield>
        <marc:datafield tag="650" ind1=" " ind2="0">
            <marc:subfield code="a">Science fiction</marc:subfield>
            <marc:subfield code="x">History and criticism</marc:subfield>
            <marc:subfield code="x">Congresses</marc:subfield>
        </marc:datafield>
        <marc:datafield tag="650" ind1=" " ind2="7">
            <marc:subfield code="a">Languages &amp; Literatures</marc:subfield>
            <marc:subfield code="2">HILCC</marc:subfield>
        </marc:datafield>
        <marc:datafield tag="650" ind1=" " ind2="7">
            <marc:subfield code="a">Literature - General</marc:subfield>
            <marc:subfield code="2">HILCC</marc:subfield>
        </marc:datafield>
        <marc:datafield tag="655" ind1=" " ind2=" ">
            <marc:subfield code="a">Electronic books</marc:subfield>
        </marc:datafield>
        <marc:datafield tag="655" ind1=" " ind2="7">
            <marc:subfield code="a">Conference proceedings.</marc:subfield>
            <marc:subfield code="2">fast</marc:subfield>
        </marc:datafield>
        <marc:datafield tag="655" ind1=" " ind2="7">
            <marc:subfield code="a">Criticism, interpretation, etc.</marc:subfield>
            <marc:subfield code="2">fast</marc:subfield>
        </marc:datafield>
        <marc:datafield tag="655" ind1=" " ind2="7">
            <marc:subfield code="a">Riverside (Calif., 1987)</marc:subfield>
            <marc:subfield code="2">swd</marc:subfield>
        </marc:datafield>
        <marc:datafield tag="700" ind1="1" ind2=" ">
            <marc:subfield code="a">Rabkin, Eric S.</marc:subfield>
            <marc:subfield code="4">edt</marc:subfield>
            <marc:subfield code="4">edc</marc:subfield>
            <marc:subfield code="4">http://rdaregistry.info/Elements/m/object/P30267</marc:subfield>
            <marc:subfield code="1">http://example.org/person/rabkinerics</marc:subfield>
        </marc:datafield>
        <marc:datafield tag="700" ind1="1" ind2=" ">
            <marc:subfield code="a">Slusser, George Edgar</marc:subfield>
            <marc:subfield code="4">edt</marc:subfield>
            <marc:subfield code="e">dc</marc:subfield>
            <marc:subfield code="4">http://rdaregistry.info/Elements/m/object/P30267</marc:subfield>
            <marc:subfield code="1">http://example.org/person/slussergeorgeedgar</marc:subfield>
        </marc:datafield>
        <marc:datafield tag="711" ind1="2" ind2=" ">
            <marc:subfield code="a">Eaton Conference on Science Fiction and Fantasy Literature</marc:subfield>
            <marc:subfield code="n">(9th :</marc:subfield>
            <marc:subfield code="d">1987 :</marc:subfield>
            <marc:subfield code="c">University of California, Riverside)</marc:subfield>
        </marc:datafield>
        <marc:datafield tag="776" ind1=" " ind2=" ">
            <marc:subfield code="z">0-8093-1454-1</marc:subfield>
        </marc:datafield>
    </marc:record>