
    <marc:record>
        <marc:leader>02179pam a2200421 c 4500</marc:leader>
        <marc:controlfield tag="001">1101956690</marc:controlfield>
        <marc:controlfield tag="003">DE-101</marc:controlfield>
        <marc:controlfield tag="005">20171202211852.0</marc:controlfield>
        <marc:controlfield tag="007">tu</marc:controlfield>
        <marc:controlfield tag="008">160527s2016    gw ||||| |||| 00||||ger  </marc:controlfield>
        <marc:datafield tag="015" ind1=" " ind2=" ">
            <marc:subfield code="a">16,A36</marc:subfield>
            <marc:subfield code="z">16,N22</marc:subfield>
            <marc:subfield code="2">dnb</marc:subfield>
        </marc:datafield>
        <marc:datafield tag="016" ind1="7" ind2=" ">
            <marc:subfield code="2">DE-101</marc:subfield>
            <marc:subfield code="a">1101956690</marc:subfield>
        </marc:datafield>
        <marc:datafield tag="020" ind1=" " ind2=" ">
            <marc:subfield code="a">3037349328</marc:subfield>
            <marc:subfield code="9">3-03734-932-8</marc:subfield>
        </marc:datafield>
        <marc:datafield tag="020" ind1=" " ind2=" ">
            <marc:subfield code="a">9783037349328</marc:subfield>
            <marc:subfield code="c">Broschur : EUR 16.95 (DE), sfr 20.00 (freier Preis)</marc:subfield>
            <marc:subfield code="9">978-3-03734-932-8</marc:subfield>
        </marc:datafield>
        <marc:datafield tag="024" ind1="3" ind2=" ">
            <marc:subfield code="a">9783037349328</marc:subfield>
        </marc:datafield>
        <marc:datafield tag="040" ind1=" " ind2=" ">
            <marc:subfield code="a">1145</marc:subfield>
            <marc:subfield code="b">ger</marc:subfield>
            <marc:subfield code="c">DE-101</marc:subfield>
            <marc:subfield code="d">9999</marc:subfield>
            <marc:subfield code="e">rda</marc:subfield>
        </marc:datafield>
        <marc:datafield tag="041" ind1=" " ind2=" ">
            <marc:subfield code="a">ger</marc:subfield>
            <marc:subfield code="h">eng</marc:subfield>
        </marc:datafield>
        <marc:datafield tag="044" ind1=" " ind2=" ">
            <marc:subfield code="c">XA-DE</marc:subfield>
            <marc:subfield code="c">XA-CH</marc:subfield>
        </marc:datafield>
        <marc:datafield tag="082" ind1="7" ind2="4">
            <marc:subfield code="a">820</marc:subfield>
            <marc:subfield code="a">B</marc:subfield>
            <marc:subfield code="q">DE-101</marc:subfield>
            <marc:subfield code="2">23sdnb</marc:subfield>
        </marc:datafield>
        <marc:datafield tag="090" ind1=" " ind2=" ">
            <marc:subfield code="a">b</marc:subfield>
        </marc:datafield>
        <marc:datafield tag="100" ind1="1" ind2=" ">
            <marc:subfield code="0">(DE-588)118656929</marc:subfield>
            <marc:subfield code="0">https://d-nb.info/gnd/118656929</marc:subfield>
            <marc:subfield code="0">(DE-101)118656929</marc:subfield>
            <marc:subfield code="a">Ballard, J. G.</marc:subfield>
            <marc:subfield code="d">1930-2009</marc:subfield>
            <marc:subfield code="e">Verfasser</marc:subfield>
            <marc:subfield code="4">aut</marc:subfield>
            <marc:subfield code="2">gnd</marc:subfield>
            <marc:subfield code="1">http://viaf.org/viaf/9842556</marc:subfield>
            <marc:subfield code="4">http://rdaregistry.info/Elements/w/object/P10061</marc:subfield>
        </marc:datafield>
        <marc:datafield tag="240" ind1="1" ind2="0">
            <marc:subfield code="a">High-rise</marc:subfield>
            <marc:subfield code="1">http://viaf.org/viaf/308016990</marc:subfield>
        </marc:datafield>
        <marc:datafield tag="245" ind1="1" ind2="0">
            <marc:subfield code="a">High-Rise</marc:subfield>
            <marc:subfield code="b">Roman</marc:subfield>
            <marc:subfield code="c">J.G. Ballard ; aus dem Englischen von Michael Koseler</marc:subfield>
        </marc:datafield>
        <marc:datafield tag="250" ind1=" " ind2=" ">
            <marc:subfield code="a">1. Auflage, revidierte Fassung der 1992 im Suhrkamp Verlag publizierten Übersetzung</marc:subfield>
        </marc:datafield>
        <marc:datafield tag="259" ind1=" " ind2=" ">
            <marc:subfield code="a">11</marc:subfield>
        </marc:datafield>
        <marc:datafield tag="264" ind1=" " ind2="1">
            <marc:subfield code="a">Zürich</marc:subfield>
            <marc:subfield code="b">Diaphanes</marc:subfield>
            <marc:subfield code="c">2016</marc:subfield>
        </marc:datafield>
        <marc:datafield tag="300" ind1=" " ind2=" ">
            <marc:subfield code="a">252 Seiten</marc:subfield>
            <marc:subfield code="c">20 cm</marc:subfield>
        </marc:datafield>
        <marc:datafield tag="336" ind1=" " ind2=" ">
            <marc:subfield code="a">Text</marc:subfield>
            <marc:subfield code="b">txt</marc:subfield>
            <marc:subfield code="2">rdacontent</marc:subfield>
            <marc:subfield code="0">http://rdaregistry.info/termList/RDAContentType/1020</marc:subfield>
        </marc:datafield>
        <marc:datafield tag="337" ind1=" " ind2=" ">
            <marc:subfield code="a">ohne Hilfsmittel zu benutzen</marc:subfield>
            <marc:subfield code="b">n</marc:subfield>
            <marc:subfield code="2">rdamedia</marc:subfield>
            <marc:subfield code="0">http://rdaregistry.info/termList/RDAMediaType/1007</marc:subfield>
        </marc:datafield>
        <marc:datafield tag="338" ind1=" " ind2=" ">
            <marc:subfield code="a">Band</marc:subfield>
            <marc:subfield code="b">nc</marc:subfield>
            <marc:subfield code="2">rdacarrier</marc:subfield>
            <marc:subfield code="0">http://rdaregistry.info/termList/RDACarrierType/1049</marc:subfield>
        </marc:datafield>
        <marc:datafield tag="653" ind1=" " ind2=" ">
            <marc:subfield code="a">(BISAC Subject Heading)FIC000000</marc:subfield>
        </marc:datafield>
        <marc:datafield tag="653" ind1=" " ind2=" ">
            <marc:subfield code="a">(Produktform)Paperback / softback</marc:subfield>
        </marc:datafield>
        <marc:datafield tag="653" ind1=" " ind2=" ">
            <marc:subfield code="a">(VLB-WN)1112: Hardcover, Softcover / Belletristik/Gegenwartsliteratur (ab 1945)</marc:subfield>
        </marc:datafield>
        <marc:datafield tag="655" ind1=" " ind2="7">
            <marc:subfield code="0">(DE-101)1010008188</marc:subfield>
            <marc:subfield code="a">Erzählende Literatur: Gegenwartsliteratur ab 1945</marc:subfield>
            <marc:subfield code="2">gatbeg</marc:subfield>
        </marc:datafield>
        <marc:datafield tag="655" ind1=" " ind2="7">
            <marc:subfield code="0">(DE-588)1071854844</marc:subfield>
            <marc:subfield code="0">https://d-nb.info/gnd/1071854844</marc:subfield>
            <marc:subfield code="0">(DE-101)1071854844</marc:subfield>
            <marc:subfield code="a">Fiktionale Darstellung</marc:subfield>
            <marc:subfield code="2">gnd-content</marc:subfield>
        </marc:datafield>
        <marc:datafield tag="710" ind1="2" ind2=" ">
            <marc:subfield code="8">1\p</marc:subfield>
            <marc:subfield code="0">(DE-588)1064211070</marc:subfield>
            <marc:subfield code="0">https://d-nb.info/gnd/1064211070</marc:subfield>
            <marc:subfield code="0">(DE-101)1064211070</marc:subfield>
            <marc:subfield code="a">Diaphanes</marc:subfield>
            <marc:subfield code="e">Verlag</marc:subfield>
            <marc:subfield code="4">pbl</marc:subfield>
            <marc:subfield code="2">gnd</marc:subfield>
        </marc:datafield>
        <marc:datafield tag="776" ind1="0" ind2="8">
            <marc:subfield code="i">Erscheint auch als</marc:subfield>
            <marc:subfield code="n">Online-Ausgabe</marc:subfield>
            <marc:subfield code="t">High-Rise</marc:subfield>
            <marc:subfield code="d">Zürich : Diaphanes, 2016</marc:subfield>
            <marc:subfield code="h">Online-Ressource</marc:subfield>
            <marc:subfield code="w">(DE-101)1120496535</marc:subfield>
        </marc:datafield>
        <marc:datafield tag="856" ind1="4" ind2="2">
            <marc:subfield code="m">B:DE-101</marc:subfield>
            <marc:subfield code="q">application/pdf</marc:subfield>
            <marc:subfield code="u">https://d-nb.info/1101956690/04</marc:subfield>
            <marc:subfield code="3">Inhaltsverzeichnis</marc:subfield>
        </marc:datafield>
    </marc:record>