
    <marc:record>
        <marc:leader>02653nam a2200493uc 4500</marc:leader>
        <marc:controlfield tag="001">1187661414</marc:controlfield>
        <marc:controlfield tag="003">DE-101</marc:controlfield>
        <marc:controlfield tag="005">20190604073321.0</marc:controlfield>
        <marc:controlfield tag="007">cr||||||||||||</marc:controlfield>
        <marc:controlfield tag="008">190603s2019    sz |||||o|||| 00||||ger  </marc:controlfield>
        <marc:datafield tag="015" ind1=" " ind2=" ">
            <marc:subfield code="a">19,O07</marc:subfield>
            <marc:subfield code="2">dnb</marc:subfield>
        </marc:datafield>
        <marc:datafield tag="016" ind1="7" ind2=" ">
            <marc:subfield code="2">DE-101</marc:subfield>
            <marc:subfield code="a">1187661414</marc:subfield>
        </marc:datafield>
        <marc:datafield tag="020" ind1=" " ind2=" ">
            <marc:subfield code="a">3035802149</marc:subfield>
            <marc:subfield code="9">3-0358-0214-9</marc:subfield>
        </marc:datafield>
        <marc:datafield tag="020" ind1=" " ind2=" ">
            <marc:subfield code="a">9783035802146</marc:subfield>
            <marc:subfield code="9">978-3-0358-0214-6</marc:subfield>
        </marc:datafield>
        <marc:datafield tag="024" ind1="3" ind2=" ">
            <marc:subfield code="a">9783035802146</marc:subfield>
        </marc:datafield>
        <marc:datafield tag="024" ind1="7" ind2=" ">
            <marc:subfield code="2">urn</marc:subfield>
            <marc:subfield code="a">urn:nbn:de:101:1-2019060304161010353966</marc:subfield>
        </marc:datafield>
        <marc:datafield tag="040" ind1=" " ind2=" ">
            <marc:subfield code="a">1140</marc:subfield>
            <marc:subfield code="b">ger</marc:subfield>
            <marc:subfield code="c">DE-101</marc:subfield>
            <marc:subfield code="d">9999</marc:subfield>
        </marc:datafield>
        <marc:datafield tag="041" ind1=" " ind2=" ">
            <marc:subfield code="a">ger</marc:subfield>
            <marc:subfield code="h">eng</marc:subfield>
        </marc:datafield>
        <marc:datafield tag="044" ind1=" " ind2=" ">
            <marc:subfield code="c">XA-CH</marc:subfield>
        </marc:datafield>
        <marc:datafield tag="082" ind1="7" ind2="4">
            <marc:subfield code="8">3\p</marc:subfield>
            <marc:subfield code="a">820</marc:subfield>
            <marc:subfield code="a">B</marc:subfield>
            <marc:subfield code="q">DE-101</marc:subfield>
            <marc:subfield code="2">23sdnb</marc:subfield>
        </marc:datafield>
        <marc:datafield tag="100" ind1="1" ind2=" ">
            <marc:subfield code="a">Ballard, J. G.</marc:subfield>
            <marc:subfield code="e">Verfasser</marc:subfield>
            <marc:subfield code="4">aut</marc:subfield>
            <marc:subfield code="1">http://viaf.org/viaf/9842556</marc:subfield>
            <marc:subfield code="4">http://rdaregistry.info/Elements/w/object/P10061</marc:subfield>
        </marc:datafield>
        <marc:datafield tag="240" ind1="1" ind2="0">
            <marc:subfield code="a">Kingdom Come</marc:subfield>
            <marc:subfield code="1">http://viaf.org/viaf/3952163159958701640003</marc:subfield>
        </marc:datafield>
        <marc:datafield tag="245" ind1="1" ind2="0">
            <marc:subfield code="a">Das Reich kommt</marc:subfield>
            <marc:subfield code="c">J.G. Ballard</marc:subfield>
        </marc:datafield>
        <marc:datafield tag="264" ind1=" " ind2="1">
            <marc:subfield code="a">Zürich</marc:subfield>
            <marc:subfield code="b">Diaphanes</marc:subfield>
            <marc:subfield code="c">2019</marc:subfield>
        </marc:datafield>
        <marc:datafield tag="300" ind1=" " ind2=" ">
            <marc:subfield code="a">Online-Ressource, 368 Seiten</marc:subfield>
        </marc:datafield>
        <marc:datafield tag="336" ind1=" " ind2=" ">
            <marc:subfield code="a">tekst</marc:subfield>
            <marc:subfield code="0">http://rdaregistry.info/termList/RDAContentType/1020</marc:subfield>
        </marc:datafield>
        <marc:datafield tag="336" ind1=" " ind2=" ">
            <marc:subfield code="a">Text</marc:subfield>
            <marc:subfield code="b">txt</marc:subfield>
            <marc:subfield code="2">rdacontent</marc:subfield>
            <marc:subfield code="0">http://rdaregistry.info/termList/RDAContentType/1020</marc:subfield>
        </marc:datafield>
        <marc:datafield tag="337" ind1=" " ind2=" ">
            <marc:subfield code="a">Computermedien</marc:subfield>
            <marc:subfield code="b">c</marc:subfield>
            <marc:subfield code="2">rdamedia</marc:subfield>
            <marc:subfield code="0">http://rdaregistry.info/termList/RDAMediaType/1003</marc:subfield>
        </marc:datafield>
        <marc:datafield tag="337" ind1=" " ind2=" ">
            <marc:subfield code="a">datamaskin</marc:subfield>
            <marc:subfield code="0">http://rdaregistry.info/termList/RDAMediaType/1003</marc:subfield>
        </marc:datafield>
        <marc:datafield tag="338" ind1=" " ind2=" ">
            <marc:subfield code="a">online ressurs</marc:subfield>
            <marc:subfield code="0">http://rdaregistry.info/termList/RDACarrierType/1018</marc:subfield>
        </marc:datafield>
        <marc:datafield tag="338" ind1=" " ind2=" ">
            <marc:subfield code="a">Online-Ressource</marc:subfield>
            <marc:subfield code="b">cr</marc:subfield>
            <marc:subfield code="2">rdacarrier</marc:subfield>
            <marc:subfield code="0">http://rdaregistry.info/termList/RDACarrierType/1018</marc:subfield>
        </marc:datafield>
        <marc:datafield tag="347" ind1=" " ind2=" ">
            <marc:subfield code="a">data file</marc:subfield>
            <marc:subfield code="2">rda</marc:subfield>
        </marc:datafield>
        <marc:datafield tag="380" ind1=" " ind2=" ">
            <marc:subfield code="a">Språkbasert verk</marc:subfield>
            <marc:subfield code="1">https://schema.nb.no/Bibliographic/Values/V1000</marc:subfield>
        </marc:datafield>
        <marc:datafield tag="490" ind1="0" ind2=" ">
            <marc:subfield code="a">Literatur</marc:subfield>
        </marc:datafield>
        <marc:datafield tag="583" ind1="1" ind2=" ">
            <marc:subfield code="a">Archivierung/Langzeitarchivierung gewährleistet</marc:subfield>
            <marc:subfield code="5">DE-101</marc:subfield>
            <marc:subfield code="2">pdager</marc:subfield>
        </marc:datafield>
        <marc:datafield tag="655" ind1=" " ind2="7">
            <marc:subfield code="0">(DE-101)1010008188</marc:subfield>
            <marc:subfield code="a">Erzählende Literatur: Gegenwartsliteratur ab 1945</marc:subfield>
            <marc:subfield code="2">gatbeg</marc:subfield>
        </marc:datafield>
        <marc:datafield tag="655" ind1=" " ind2="7">
            <marc:subfield code="8">1\p</marc:subfield>
            <marc:subfield code="0">(DE-588)1071854844</marc:subfield>
            <marc:subfield code="0">https://d-nb.info/gnd/1071854844</marc:subfield>
            <marc:subfield code="0">(DE-101)1071854844</marc:subfield>
            <marc:subfield code="a">Fiktionale Darstellung</marc:subfield>
            <marc:subfield code="2">gnd-content</marc:subfield>
        </marc:datafield>
        <marc:datafield tag="700" ind1="1" ind2=" ">
            <marc:subfield code="0">(DE-588)111039894</marc:subfield>
            <marc:subfield code="0">https://d-nb.info/gnd/111039894</marc:subfield>
            <marc:subfield code="0">(DE-101)111039894</marc:subfield>
            <marc:subfield code="a">Schönfeld, Eike</marc:subfield>
            <marc:subfield code="d">1949-</marc:subfield>
            <marc:subfield code="e">Übersetzer</marc:subfield>
            <marc:subfield code="4">trl</marc:subfield>
            <marc:subfield code="2">gnd</marc:subfield>
            <marc:subfield code="4">http://rdaregistry.info/Elements/e/object/P20037</marc:subfield>
            <marc:subfield code="1">http://viaf.org/viaf/67079099</marc:subfield>
        </marc:datafield>
        <marc:datafield tag="710" ind1="2" ind2=" ">
            <marc:subfield code="8">2\p</marc:subfield>
            <marc:subfield code="0">(DE-588)1064211070</marc:subfield>
            <marc:subfield code="0">https://d-nb.info/gnd/1064211070</marc:subfield>
            <marc:subfield code="0">(DE-101)1064211070</marc:subfield>
            <marc:subfield code="a">Diaphanes</marc:subfield>
            <marc:subfield code="e">Verlag</marc:subfield>
            <marc:subfield code="4">pbl</marc:subfield>
            <marc:subfield code="2">gnd</marc:subfield>
        </marc:datafield>
        <marc:datafield tag="776" ind1="0" ind2="8">
            <marc:subfield code="i">Erscheint auch als</marc:subfield>
            <marc:subfield code="n">Druck-Ausgabe</marc:subfield>
            <marc:subfield code="a">Ballard, J. G., 1930-2009</marc:subfield>
            <marc:subfield code="t">Das Reich kommt</marc:subfield>
            <marc:subfield code="d">Zürich : Diaphanes, 2019</marc:subfield>
            <marc:subfield code="h">365 Seiten</marc:subfield>
            <marc:subfield code="w">(DE-101)1173345353</marc:subfield>
            <marc:subfield code="b">1. Auflage</marc:subfield>
        </marc:datafield>
        <marc:datafield tag="776" ind1="0" ind2="8">
            <marc:subfield code="i">Erscheint auch als</marc:subfield>
            <marc:subfield code="n">Online-Ausgabe</marc:subfield>
            <marc:subfield code="z">9783035802153</marc:subfield>
        </marc:datafield>
        <marc:datafield tag="856" ind1=" " ind2="0">
            <marc:subfield code="u">https://d-nb.info/1187661414/34</marc:subfield>
            <marc:subfield code="x">Langzeitarchivierung Nationalbibliothek</marc:subfield>
        </marc:datafield>
        <marc:datafield tag="856" ind1="4" ind2=" ">
            <marc:subfield code="q">epub</marc:subfield>
        </marc:datafield>
        <marc:datafield tag="856" ind1="4" ind2="0">
            <marc:subfield code="u">https://nbn-resolving.org/urn:nbn:de:101:1-2019060304161010353966</marc:subfield>
            <marc:subfield code="x">Resolving-System</marc:subfield>
        </marc:datafield>
    </marc:record>