
    <marc:record>
        <marc:leader>01221nam a22002773  4500</marc:leader>
        <marc:controlfield tag="001">001802009</marc:controlfield>
        <marc:controlfield tag="003">UK</marc:controlfield>
        <marc:controlfield tag="005">20130521173000.0</marc:controlfield>
        <marc:controlfield tag="008">950331|1975||||enk    ||    |||| ||eng  </marc:controlfield>
        <marc:datafield tag="019" ind1="x" ind2=" ">
            <marc:subfield code="a">158466021X</marc:subfield>
        </marc:datafield>
        <marc:datafield tag="020" ind1=" " ind2=" ">
            <marc:subfield code="a">0552097489</marc:subfield>
        </marc:datafield>
        <marc:datafield tag="040" ind1=" " ind2=" ">
            <marc:subfield code="a">Uk</marc:subfield>
            <marc:subfield code="c">Uk</marc:subfield>
        </marc:datafield>
        <marc:datafield tag="245" ind1="1" ind2="4">
            <marc:subfield code="a">The inner landscape. [Stories by] Mervyn Peake, J. G. Ballard, Brian W. Aldiss. (Reissued.).</marc:subfield>
        </marc:datafield>
        <marc:datafield tag="260" ind1=" " ind2=" ">
            <marc:subfield code="a">Ealing :</marc:subfield>
            <marc:subfield code="b">Corgi Books, Transworld Publishers,</marc:subfield>
            <marc:subfield code="c">1975.</marc:subfield>
        </marc:datafield>
        <marc:datafield tag="300" ind1=" " ind2=" ">
            <marc:subfield code="a">186 pages ;</marc:subfield>
            <marc:subfield code="c">18 cm.</marc:subfield>
        </marc:datafield>
        <marc:datafield tag="336" ind1=" " ind2=" ">
            <marc:subfield code="a">tekst</marc:subfield>
            <marc:subfield code="0">http://rdaregistry.info/termList/RDAContentType/1020</marc:subfield>
        </marc:datafield>
        <marc:datafield tag="337" ind1=" " ind2=" ">
            <marc:subfield code="a">uformidlet</marc:subfield>
            <marc:subfield code="0">http://rdaregistry.info/termList/RDAMediaType/1007</marc:subfield>
        </marc:datafield>
        <marc:datafield tag="338" ind1=" " ind2=" ">
            <marc:subfield code="a">bind</marc:subfield>
            <marc:subfield code="0">http://rdaregistry.info/termList/RDACarrierType/1049</marc:subfield>
        </marc:datafield>
        <marc:datafield tag="380" ind1=" " ind2=" ">
            <marc:subfield code="a">Språkbasert verk</marc:subfield>
            <marc:subfield code="1">https://schema.nb.no/Bibliographic/Values/V1000</marc:subfield>
        </marc:datafield>
        <marc:datafield tag="490" ind1="0" ind2=" ">
            <marc:subfield code="a">(Corgi SF collector's library.)</marc:subfield>
        </marc:datafield>
        <marc:datafield tag="500" ind1=" " ind2=" ">
            <marc:subfield code="a">Printed in New York.</marc:subfield>
        </marc:datafield>
        <marc:datafield tag="700" ind1="1" ind2="2">
            <marc:subfield code="a">Aldiss, Brian W.</marc:subfield>
            <marc:subfield code="d">1925-</marc:subfield>
            <marc:subfield code="t">Danger, Religion!</marc:subfield>
            <marc:subfield code="1">http://viaf.org/viaf/183421260</marc:subfield>
        </marc:datafield>
        <marc:datafield tag="700" ind1="1" ind2="2">
            <marc:subfield code="a">Ballard, J. G.</marc:subfield>
            <marc:subfield code="d">1930-2009</marc:subfield>
            <marc:subfield code="t">The voices of time</marc:subfield>
            <marc:subfield code="1">http://viaf.org/viaf/311471559</marc:subfield>
        </marc:datafield>
        <marc:datafield tag="700" ind1="1" ind2="2">
            <marc:subfield code="a">Peake, Mervyn Laurence</marc:subfield>
            <marc:subfield code="d">1911-1968</marc:subfield>
            <marc:subfield code="t">Boy in darkness</marc:subfield>
            <marc:subfield code="1">http://viaf.org/viaf/309308512</marc:subfield>
        </marc:datafield>
        <marc:datafield tag="720" ind1=" " ind2=" ">
            <marc:subfield code="a">INNER LANDSCAPE</marc:subfield>
            <marc:subfield code="e">main entry</marc:subfield>
        </marc:datafield>
        <marc:datafield tag="866" ind1=" " ind2="0">
            <marc:subfield code="z">[Another copy.] The inner landscape. 1975.</marc:subfield>
        </marc:datafield>
    </marc:record>