
    <marc:record>
        <marc:leader>07989cam a22006133a 4500</marc:leader>
        <marc:controlfield tag="001">12310391</marc:controlfield>
        <marc:controlfield tag="003">SE-LIBR</marc:controlfield>
        <marc:controlfield tag="005">20160216100633.0</marc:controlfield>
        <marc:controlfield tag="006">m     o  d |      </marc:controlfield>
        <marc:controlfield tag="007">cr |||   |||||         </marc:controlfield>
        <marc:controlfield tag="008">110927s2005    mau|||||ob||||001 0|eng|d</marc:controlfield>
        <marc:datafield tag="020" ind1=" " ind2=" ">
            <marc:subfield code="a">9780470997055</marc:subfield>
        </marc:datafield>
        <marc:datafield tag="020" ind1=" " ind2=" ">
            <marc:subfield code="z">9781405112185 (Print)</marc:subfield>
        </marc:datafield>
        <marc:datafield tag="024" ind1="7" ind2=" ">
            <marc:subfield code="a">10.1002/9780470997055</marc:subfield>
            <marc:subfield code="2">doi</marc:subfield>
        </marc:datafield>
        <marc:datafield tag="037" ind1=" " ind2=" ">
            <marc:subfield code="a">10.1002/9780470997055</marc:subfield>
            <marc:subfield code="b">Wiley InterScience</marc:subfield>
            <marc:subfield code="n">http://www3.interscience.wiley.com</marc:subfield>
        </marc:datafield>
        <marc:datafield tag="040" ind1=" " ind2=" ">
            <marc:subfield code="a">DG1</marc:subfield>
            <marc:subfield code="b">eng</marc:subfield>
            <marc:subfield code="c">DG1</marc:subfield>
            <marc:subfield code="d">YDXCP</marc:subfield>
            <marc:subfield code="d">BTCTA</marc:subfield>
            <marc:subfield code="d">OCLCQ</marc:subfield>
            <marc:subfield code="d">DG1</marc:subfield>
            <marc:subfield code="d">OCLCQ</marc:subfield>
            <marc:subfield code="e">a</marc:subfield>
        </marc:datafield>
        <marc:datafield tag="041" ind1=" " ind2=" ">
            <marc:subfield code="a">eng</marc:subfield>
        </marc:datafield>
        <marc:datafield tag="050" ind1=" " ind2="4">
            <marc:subfield code="a">PN3433.5</marc:subfield>
        </marc:datafield>
        <marc:datafield tag="082" ind1="0" ind2="4">
            <marc:subfield code="a">809.3/8762</marc:subfield>
            <marc:subfield code="2">22</marc:subfield>
        </marc:datafield>
        <marc:datafield tag="245" ind1="1" ind2="2">
            <marc:subfield code="a">A companion to science fiction</marc:subfield>
            <marc:subfield code="h">[Elektronisk resurs] /</marc:subfield>
            <marc:subfield code="c">edited by David Seed.</marc:subfield>
        </marc:datafield>
        <marc:datafield tag="264" ind1=" " ind2="1">
            <marc:subfield code="a">Malden, MA :</marc:subfield>
            <marc:subfield code="b">Blackwell Pub.</marc:subfield>
            <marc:subfield code="c">2005</marc:subfield>
        </marc:datafield>
        <marc:datafield tag="300" ind1=" " ind2=" ">
            <marc:subfield code="a">xvi, 612 pages</marc:subfield>
            <marc:subfield code="c">26 cm.</marc:subfield>
        </marc:datafield>
        <marc:datafield tag="336" ind1=" " ind2=" ">
            <marc:subfield code="a">text</marc:subfield>
            <marc:subfield code="b">txt</marc:subfield>
            <marc:subfield code="2">rdacontent</marc:subfield>
            <marc:subfield code="0">http://rdaregistry.info/termList/RDAContentType/1020</marc:subfield>
        </marc:datafield>
        <marc:datafield tag="337" ind1=" " ind2=" ">
            <marc:subfield code="a">computer</marc:subfield>
            <marc:subfield code="b">c</marc:subfield>
            <marc:subfield code="2">rdamedia</marc:subfield>
            <marc:subfield code="0">http://rdaregistry.info/termList/RDAMediaType/1003</marc:subfield>
        </marc:datafield>
        <marc:datafield tag="338" ind1=" " ind2=" ">
            <marc:subfield code="a">online resource</marc:subfield>
            <marc:subfield code="b">cr</marc:subfield>
            <marc:subfield code="2">rdacarrier</marc:subfield>
            <marc:subfield code="0">http://rdaregistry.info/termList/RDACarrierType/1018</marc:subfield>
        </marc:datafield>
        <marc:datafield tag="347" ind1=" " ind2=" ">
            <marc:subfield code="a">data file</marc:subfield>
            <marc:subfield code="2">rda</marc:subfield>
        </marc:datafield>
        <marc:datafield tag="490" ind1="1" ind2=" ">
            <marc:subfield code="a">Blackwell companions to literature and culture ;</marc:subfield>
            <marc:subfield code="v">34</marc:subfield>
        </marc:datafield>
        <marc:datafield tag="504" ind1=" " ind2=" ">
            <marc:subfield code="a">Includes bibliographical references and index.</marc:subfield>
        </marc:datafield>
        <marc:datafield tag="505" ind1="8" ind2=" ">
            <marc:subfield code="a">Introduction : approaching science fiction -- pt. I. Surveying the field. -- Hard reading : the challenges of science fiction / Tom Shippey -- The origins of science fiction / George Slusser -- Science fiction/criticism / Istvan Csicsery-Ronay, Jr. -- Science-fiction magazines : the crucibles of change / Mike Ashley -- pt. II. Topics and debates. -- Utopia / Phillip E. Wegner -- Science fiction and religion / Stephen R.L. Clark -- &quot;Monsters of the imagination&quot; : Gothic, science, fiction / Fred Botting -- Science fiction and ecology / Brian Stableford -- Feminist fabulation / Marleen S. Barr -- Time and identity in feminist science fiction / Jenny Wolmark -- Science fiction and the Cold War / M. Keith Booker -- pt. III. Genres and movements. -- Hard science fiction / Gary Westfahl -- The new wave / Rob Latham -- Cyberpunk / Mark Bould -- Science fiction and postmodernism / Veronica Hollinger -- The renewal of &quot;hard&quot; science fiction / Donald M. Hassler -- pt. IV. Science fiction film. -- American science fiction film : an overview / Vivian Sobchack -- Figurations of the cyborg in contemporary science fiction novels and films / Christine Cornea -- British television science fiction / Peter Wright -- pt. V. The international scene. -- Canadian science fiction / Douglas Barbour -- Japanese and Asian science fiction / Takayuki Tatsumi -- Australian science fiction / Van Ikin and Sean McMullen.</marc:subfield>
        </marc:datafield>
        <marc:datafield tag="505" ind1="8" ind2=" ">
            <marc:subfield code="a">pt. VI. Key writers. -- The grandeur of H.G. Wells / Robert Crossley -- Isaac Asimov / John Clute -- John Wyndham : the facts of life sextet / David Ketterer -- Philip K. Dick / Christopher Palmer -- Samuel Delaney : a biographical and critical overview / Carl Freedman -- Ursula K. Le Guin / Warren G. Rochelle -- Gwyneth Jones and the anxieties of science fiction / Andy Sawyer -- Arthur C. Clarke / Edward James -- Greg Egan / Russell Blackford -- pt. VII. Readings. Mary Shelley : Frankenstein : or, the modern Prometheus / Susan E. Lederer and Richard M. Ratzan -- Charlotte Perkins Gilman : Herland / Jill Rudd -- Aldous Huxley : Brave new world / David Seed -- Ray Bradbury : Fahrenheit 451 / Brian Baker -- Joanna Russ : The female man / Jeanne Cortiel -- J.G. Ballard : Crash / Roger Luckhurst -- Margaret Atwood : The handmaid's tale / Faye Hammill -- William Gibson : Neuromancer / Andrew M. Butler -- Kim Stanley Robinson : Mars trilogy / Carol Franko -- Iain M. Banks : Excession / Farah Mendlesohn.</marc:subfield>
        </marc:datafield>
        <marc:datafield tag="533" ind1=" " ind2=" ">
            <marc:subfield code="a">Electronic reproduction.</marc:subfield>
            <marc:subfield code="b">Hoboken, N.J.</marc:subfield>
            <marc:subfield code="c">Wiley InterScience</marc:subfield>
            <marc:subfield code="d">2007.</marc:subfield>
        </marc:datafield>
        <marc:datafield tag="650" ind1=" " ind2="0">
            <marc:subfield code="a">Science fiction</marc:subfield>
            <marc:subfield code="x">History and criticism.</marc:subfield>
        </marc:datafield>
        <marc:datafield tag="650" ind1="1" ind2="7">
            <marc:subfield code="a">Science fiction.</marc:subfield>
            <marc:subfield code="2">gtt</marc:subfield>
        </marc:datafield>
        <marc:datafield tag="655" ind1=" " ind2="4">
            <marc:subfield code="a">Electronic books.</marc:subfield>
        </marc:datafield>
        <marc:datafield tag="700" ind1="1" ind2=" ">
            <marc:subfield code="a">Seed, David</marc:subfield>
            <marc:subfield code="4">edt</marc:subfield>
            <marc:subfield code="4">edc</marc:subfield>
            <marc:subfield code="4">http://rdaregistry.info/Elements/m/object/P30267</marc:subfield>
            <marc:subfield code="1">http://viaf.org/viaf/12346363</marc:subfield>
        </marc:datafield>
        <marc:datafield tag="710" ind1="2" ind2=" ">
            <marc:subfield code="a">Wiley InterScience (Online service)</marc:subfield>
        </marc:datafield>
        <marc:datafield tag="776" ind1="0" ind2="8">
            <marc:subfield code="i">Print</marc:subfield>
            <marc:subfield code="t">A companion to science fiction Original</marc:subfield>
            <marc:subfield code="z">9781405112185</marc:subfield>
        </marc:datafield>
        <marc:datafield tag="830" ind1=" " ind2="0">
            <marc:subfield code="a">Blackwell companions to literature and culture ;</marc:subfield>
            <marc:subfield code="v">34</marc:subfield>
        </marc:datafield>
        <marc:datafield tag="856" ind1="4" ind2="0">
            <marc:subfield code="5">Hald</marc:subfield>
            <marc:subfield code="u">https://hh.alma.exlibrisgroup.com/openurl/46LIBRIS_HIH_INST/46LIBRIS_HIH_INST:46LIBRIS_HIH_View?u.ignore_date_coverage=true&amp;rft.mms_id=991000796186705936</marc:subfield>
            <marc:subfield code="z">Tillgänglig för användare inom Högskolan i Halmstad</marc:subfield>
            <marc:subfield code="z">fulltext</marc:subfield>
            <marc:subfield code="z">Ebook Central Academic Complete</marc:subfield>
        </marc:datafield>
        <marc:datafield tag="856" ind1="4" ind2="0">
            <marc:subfield code="5">Hdig</marc:subfield>
            <marc:subfield code="u">http://link.sub.su.se/sfxsub?url_ver=Z39.88-2004&amp;ctx_ver=Z39.88-2004&amp;ctx_enc=info:ofi/enc:UTF-8&amp;rfr_id=info:sid/sfxit.com:opac_856&amp;url_ctx_fmt=info:ofi/fmt:kev:mtx:ctx&amp;sfx.ignore_date_threshold=1&amp;rft.object_id=1000000000342101&amp;svc_val_fmt=info:ofi/fmt:kev:mtx:sch_svc&amp;</marc:subfield>
            <marc:subfield code="z">Tillgänglig för användare inom Stockholms universitet</marc:subfield>
            <marc:subfield code="z">Ebook Central Academic Complete International Edition:Full Text</marc:subfield>
            <marc:subfield code="z">Wiley Online Library Online Books:Full Text</marc:subfield>
        </marc:datafield>
        <marc:datafield tag="856" ind1="4" ind2="0">
            <marc:subfield code="5">Hibd</marc:subfield>
            <marc:subfield code="u">https://gslg-hb.primo.exlibrisgroup.com/openurl/46GSLG_BORAS/46GSLG_BORAS:46BORAS_V1?u.ignore_date_coverage=true&amp;rft.mms_id=993552736203662</marc:subfield>
            <marc:subfield code="z">Tillgänglig för användare inom Högskolan i Borås</marc:subfield>
            <marc:subfield code="z">fulltext</marc:subfield>
            <marc:subfield code="z">Ebook Central Academic Complete</marc:subfield>
        </marc:datafield>
        <marc:datafield tag="856" ind1="4" ind2="0">
            <marc:subfield code="5">JonE</marc:subfield>
            <marc:subfield code="u">https://primo.library.ju.se/openurl/JUL/46JUL_INST:jul?u.ignore_date_coverage=true&amp;rft.mms_id=998221460303831</marc:subfield>
            <marc:subfield code="z">Online access for JON</marc:subfield>
            <marc:subfield code="z">fulltext</marc:subfield>
            <marc:subfield code="z">Ebook Central</marc:subfield>
        </marc:datafield>
        <marc:datafield tag="856" ind1="4" ind2="0">
            <marc:subfield code="5">Jsld</marc:subfield>
            <marc:subfield code="u">https://slu.primo.exlibrisgroup.com/openurl/46SLUB_INST/46SLUB_INST:SLUB_V1?u.ignore_date_coverage=true&amp;rft.mms_id=9919278773505121</marc:subfield>
            <marc:subfield code="z">Online access for SLUB</marc:subfield>
            <marc:subfield code="z">fulltext</marc:subfield>
            <marc:subfield code="z">Ebook Central</marc:subfield>
        </marc:datafield>
        <marc:datafield tag="856" ind1="4" ind2="0">
            <marc:subfield code="5">Ldix</marc:subfield>
            <marc:subfield code="u">http://ludwig.lub.lu.se/login?url=https://onlinelibrary.wiley.com/doi/book/10.1002/9780470997055</marc:subfield>
            <marc:subfield code="z">Online access for Lund University</marc:subfield>
            <marc:subfield code="z">Wiley Blackwell Reference Online</marc:subfield>
        </marc:datafield>
        <marc:datafield tag="856" ind1="4" ind2="0">
            <marc:subfield code="5">LiUd</marc:subfield>
            <marc:subfield code="u">https://login.e.bibl.liu.se/login?url=https://ebookcentral.proquest.com/lib/linkoping-ebooks/detail.action?docID=233085</marc:subfield>
            <marc:subfield code="z">Extern tillgång endast anställda och studenter vid LiU</marc:subfield>
            <marc:subfield code="z">ProQuest Ebook Central - Academic Complete</marc:subfield>
        </marc:datafield>
        <marc:datafield tag="856" ind1="4" ind2="0">
            <marc:subfield code="5">LnuE</marc:subfield>
            <marc:subfield code="u">http://link.lnu.se/openurl?u.ignore_date_coverage=true&amp;rft.mms_id=997052936403661</marc:subfield>
            <marc:subfield code="z">Online access for Linnaeus University</marc:subfield>
            <marc:subfield code="z">fulltext</marc:subfield>
            <marc:subfield code="z">Ebook Central Academic Complete International Edition</marc:subfield>
        </marc:datafield>
        <marc:datafield tag="856" ind1="4" ind2="0">
            <marc:subfield code="5">Mdhd</marc:subfield>
            <marc:subfield code="u">https://mdh.primo.exlibrisgroup.com/openurl/46MH_INST/46MH_INST:46MH_V1?u.ignore_date_coverage=true&amp;rft.mms_id=991001058944503211</marc:subfield>
            <marc:subfield code="z">Tillgänglig för användare inom Mälardalens högskola</marc:subfield>
            <marc:subfield code="z">fulltext</marc:subfield>
            <marc:subfield code="z">Ebook Central Academic Complete International Edition</marc:subfield>
        </marc:datafield>
        <marc:datafield tag="856" ind1="4" ind2="0">
            <marc:subfield code="5">Miun</marc:subfield>
            <marc:subfield code="u">http://sfxeu11.hosted.exlibrisgroup.com/sfxmiu/?url_ver=Z39.88-2004&amp;ctx_ver=Z39.88-2004&amp;ctx_enc=info:ofi/enc:UTF-8&amp;rfr_id=info:sid/sfxit.com:opac_856&amp;url_ctx_fmt=info:ofi/fmt:kev:mtx:ctx&amp;sfx.ignore_date_threshold=1&amp;rft.object_id=1000000000342101&amp;svc_val_fmt=info:ofi/fmt:kev:mtx:sch_svc&amp;</marc:subfield>
            <marc:subfield code="z">Student portal login</marc:subfield>
            <marc:subfield code="z">Ebook Central Academic Complete:Full Text</marc:subfield>
        </marc:datafield>
        <marc:datafield tag="856" ind1="4" ind2="0">
            <marc:subfield code="5">Odig</marc:subfield>
            <marc:subfield code="u">https://openurl.oru.se?u.ignore_date_coverage=true&amp;rft.mms_id=999428808403663</marc:subfield>
            <marc:subfield code="z">Tillgänglig inom Örebro universitet och externt för studenter och anställda vid universitetet</marc:subfield>
            <marc:subfield code="z">fulltext</marc:subfield>
            <marc:subfield code="z">Ebook Central Perpetual, DDA and Subscription Titles</marc:subfield>
        </marc:datafield>
        <marc:datafield tag="856" ind1="4" ind2="0">
            <marc:subfield code="5">Qdig</marc:subfield>
            <marc:subfield code="u">https://search.ub.umu.se/openurl/46UMEA_INST/46UMEA_INST:UmUB?u.ignore_date_coverage=true&amp;rft.mms_id=9921417679104996</marc:subfield>
            <marc:subfield code="z">Online access for UMUB</marc:subfield>
            <marc:subfield code="z">fulltext</marc:subfield>
            <marc:subfield code="z">Ebook Central Academic Complete</marc:subfield>
        </marc:datafield>
        <marc:datafield tag="856" ind1="4" ind2="0">
            <marc:subfield code="5">Tdig</marc:subfield>
            <marc:subfield code="u">http://pmt-eu.hosted.exlibrisgroup.com/openurl/46KTH/46KTH_services_page?u.ignore_date_coverage=true&amp;rft.mms_id=99447877702456</marc:subfield>
            <marc:subfield code="z">Online access for KTHB</marc:subfield>
            <marc:subfield code="z">fulltext</marc:subfield>
            <marc:subfield code="z">Wiley</marc:subfield>
        </marc:datafield>
        <marc:datafield tag="856" ind1="4" ind2="0">
            <marc:subfield code="5">ThsE</marc:subfield>
            <marc:subfield code="u">https://ebookcentral.proquest.com/lib/[[SiteID]]/detail.action?docID=233085</marc:subfield>
            <marc:subfield code="z">Online access for Enskilda Högskolan Stockholm</marc:subfield>
            <marc:subfield code="z">ProQuest Ebook Central - Academic Complete</marc:subfield>
        </marc:datafield>
        <marc:datafield tag="856" ind1="4" ind2="0">
            <marc:subfield code="5">Zdig</marc:subfield>
            <marc:subfield code="u">https://ebookcentral.proquest.com/lib/chalmers/detail.action?docID=233085</marc:subfield>
            <marc:subfield code="z">Online access for Chalmers</marc:subfield>
            <marc:subfield code="z">ProQuest Ebook Central - Academic Complete International</marc:subfield>
        </marc:datafield>
        <marc:datafield tag="856" ind1="4" ind2="2">
            <marc:subfield code="3">John Wiley</marc:subfield>
            <marc:subfield code="u">http://dx.doi.org/10.1002/9780470997055</marc:subfield>
            <marc:subfield code="x">856other</marc:subfield>
            <marc:subfield code="z">Table of Contents / Abstracts</marc:subfield>
        </marc:datafield>
    </marc:record>