
    <marc:record>
        <marc:leader>01360cam a22003017a 4500</marc:leader>
        <marc:controlfield tag="001">11496404</marc:controlfield>
        <marc:controlfield tag="003">SE-LIBR</marc:controlfield>
        <marc:controlfield tag="005">20110204103444.0</marc:controlfield>
        <marc:controlfield tag="008">090703s2009    xxuac         00| 0 eng|c</marc:controlfield>
        <marc:datafield tag="020" ind1=" " ind2=" ">
            <marc:subfield code="a">0-300-15436-4 (hbk.) :</marc:subfield>
            <marc:subfield code="c">¹19.99</marc:subfield>
        </marc:datafield>
        <marc:datafield tag="020" ind1=" " ind2=" ">
            <marc:subfield code="a">978-0-300-15436-8 (hbk.) :</marc:subfield>
            <marc:subfield code="c">¹19.99</marc:subfield>
        </marc:datafield>
        <marc:datafield tag="040" ind1=" " ind2=" ">
            <marc:subfield code="a">StDuBDS</marc:subfield>
            <marc:subfield code="c">StDuBDS</marc:subfield>
            <marc:subfield code="d">H</marc:subfield>
        </marc:datafield>
        <marc:datafield tag="050" ind1=" " ind2="4">
            <marc:subfield code="a">PN98</marc:subfield>
        </marc:datafield>
        <marc:datafield tag="082" ind1="0" ind2="4">
            <marc:subfield code="a">809.933251</marc:subfield>
            <marc:subfield code="2">22</marc:subfield>
        </marc:datafield>
        <marc:datafield tag="084" ind1=" " ind2=" ">
            <marc:subfield code="a">Noea.07</marc:subfield>
            <marc:subfield code="2">kssb/8</marc:subfield>
        </marc:datafield>
        <marc:datafield tag="100" ind1="1" ind2=" ">
            <marc:subfield code="a">Wood, Frances</marc:subfield>
            <marc:subfield code="d">1948-</marc:subfield>
            <marc:subfield code="1">http://viaf.org/viaf/38092539</marc:subfield>
            <marc:subfield code="4">http://rdaregistry.info/Elements/w/object/P10061</marc:subfield>
        </marc:datafield>
        <marc:datafield tag="240" ind1=" " ind2=" ">
            <marc:subfield code="a">The lure of China : writers from Marco Polo to J.G. Ballard</marc:subfield>
            <marc:subfield code="1">http://viaf.org/viaf/4129164782053308600001</marc:subfield>
        </marc:datafield>
        <marc:datafield tag="245" ind1="1" ind2="4">
            <marc:subfield code="a">The lure of China :</marc:subfield>
            <marc:subfield code="b">writers from Marco Polo to J.G. Ballard /</marc:subfield>
            <marc:subfield code="c">Frances Wood.</marc:subfield>
        </marc:datafield>
        <marc:datafield tag="260" ind1=" " ind2=" ">
            <marc:subfield code="a">New Haven, [Conn.] ;</marc:subfield>
            <marc:subfield code="a">London :</marc:subfield>
            <marc:subfield code="b">Yale University Press,</marc:subfield>
            <marc:subfield code="c">2009.</marc:subfield>
        </marc:datafield>
        <marc:datafield tag="300" ind1=" " ind2=" ">
            <marc:subfield code="a">283 pages :</marc:subfield>
            <marc:subfield code="b">illustrations (some color), portraits (some color) ;</marc:subfield>
            <marc:subfield code="c">22 cm.</marc:subfield>
        </marc:datafield>
        <marc:datafield tag="336" ind1=" " ind2=" ">
            <marc:subfield code="a">tekst</marc:subfield>
            <marc:subfield code="0">http://rdaregistry.info/termList/RDAContentType/1020</marc:subfield>
        </marc:datafield>
        <marc:datafield tag="337" ind1=" " ind2=" ">
            <marc:subfield code="a">uformidlet</marc:subfield>
            <marc:subfield code="0">http://rdaregistry.info/termList/RDAMediaType/1007</marc:subfield>
        </marc:datafield>
        <marc:datafield tag="338" ind1=" " ind2=" ">
            <marc:subfield code="a">bind</marc:subfield>
            <marc:subfield code="0">http://rdaregistry.info/termList/RDACarrierType/1049</marc:subfield>
        </marc:datafield>
        <marc:datafield tag="380" ind1=" " ind2=" ">
            <marc:subfield code="a">Språkbasert verk</marc:subfield>
            <marc:subfield code="1">https://schema.nb.no/Bibliographic/Values/V1000</marc:subfield>
        </marc:datafield>
        <marc:datafield tag="504" ind1=" " ind2=" ">
            <marc:subfield code="a">Includes bibliographical references and index.</marc:subfield>
        </marc:datafield>
        <marc:datafield tag="650" ind1=" " ind2="0">
            <marc:subfield code="a">Travel in literature.</marc:subfield>
        </marc:datafield>
        <marc:datafield tag="650" ind1=" " ind2="7">
            <marc:subfield code="a">Resenärer</marc:subfield>
            <marc:subfield code="z">Kina</marc:subfield>
            <marc:subfield code="2">sao</marc:subfield>
        </marc:datafield>
        <marc:datafield tag="651" ind1=" " ind2="0">
            <marc:subfield code="a">China</marc:subfield>
            <marc:subfield code="x">In literature.</marc:subfield>
        </marc:datafield>
    </marc:record>