
    <marc:record>
        <marc:leader>10175cam a22010093a 4500</marc:leader>
        <marc:controlfield tag="001">18716313</marc:controlfield>
        <marc:controlfield tag="003">SE-LIBR</marc:controlfield>
        <marc:controlfield tag="005">20151125145100.0</marc:controlfield>
        <marc:controlfield tag="008">151125s1989    mau           000 1 eng  </marc:controlfield>
        <marc:datafield tag="010" ind1=" " ind2=" ">
            <marc:subfield code="a">   88082960</marc:subfield>
        </marc:datafield>
        <marc:datafield tag="020" ind1=" " ind2=" ">
            <marc:subfield code="a">0316349410</marc:subfield>
        </marc:datafield>
        <marc:datafield tag="020" ind1=" " ind2=" ">
            <marc:subfield code="a">9780316349413</marc:subfield>
        </marc:datafield>
        <marc:datafield tag="040" ind1=" " ind2=" ">
            <marc:subfield code="a">DLC</marc:subfield>
            <marc:subfield code="b">eng</marc:subfield>
            <marc:subfield code="c">DLC</marc:subfield>
            <marc:subfield code="d">BTCTA</marc:subfield>
            <marc:subfield code="d">CWJ</marc:subfield>
            <marc:subfield code="d">YDXCP</marc:subfield>
            <marc:subfield code="d">BAKER</marc:subfield>
            <marc:subfield code="d">UBY</marc:subfield>
            <marc:subfield code="d">SJE</marc:subfield>
            <marc:subfield code="d">IAD</marc:subfield>
            <marc:subfield code="d">VOV</marc:subfield>
            <marc:subfield code="d">UPP</marc:subfield>
            <marc:subfield code="d">CDS</marc:subfield>
            <marc:subfield code="d">OCLCF</marc:subfield>
            <marc:subfield code="d">OCLCQ</marc:subfield>
            <marc:subfield code="d">OVY</marc:subfield>
            <marc:subfield code="d">Jm</marc:subfield>
        </marc:datafield>
        <marc:datafield tag="050" ind1="0" ind2="0">
            <marc:subfield code="a">PN6120.95.S33</marc:subfield>
            <marc:subfield code="b">N67 1989</marc:subfield>
        </marc:datafield>
        <marc:datafield tag="050" ind1="1" ind2="4">
            <marc:subfield code="a">PZ4.A5</marc:subfield>
            <marc:subfield code="b">W673 1989</marc:subfield>
        </marc:datafield>
        <marc:datafield tag="082" ind1="0" ind2="0">
            <marc:subfield code="a">808.83/8762</marc:subfield>
            <marc:subfield code="2">20</marc:subfield>
        </marc:datafield>
        <marc:datafield tag="245" ind1="0" ind2="4">
            <marc:subfield code="a">The world treasury of science fiction /</marc:subfield>
            <marc:subfield code="c">edited by David G. Hartwell ; with a foreword by Clifton Fadiman, general editor.</marc:subfield>
        </marc:datafield>
        <marc:datafield tag="250" ind1=" " ind2=" ">
            <marc:subfield code="a">1st ed.</marc:subfield>
        </marc:datafield>
        <marc:datafield tag="260" ind1=" " ind2=" ">
            <marc:subfield code="a">Boston :</marc:subfield>
            <marc:subfield code="b">Little, Brown,</marc:subfield>
            <marc:subfield code="c">©1989.</marc:subfield>
        </marc:datafield>
        <marc:datafield tag="300" ind1=" " ind2=" ">
            <marc:subfield code="a">xix, 1083 pages ;</marc:subfield>
            <marc:subfield code="c">25 cm.</marc:subfield>
        </marc:datafield>
        <marc:datafield tag="336" ind1=" " ind2=" ">
            <marc:subfield code="a">text</marc:subfield>
            <marc:subfield code="b">txt</marc:subfield>
            <marc:subfield code="2">rdacontent</marc:subfield>
            <marc:subfield code="0">http://rdaregistry.info/termList/RDAContentType/1020</marc:subfield>
        </marc:datafield>
        <marc:datafield tag="337" ind1=" " ind2=" ">
            <marc:subfield code="a">unmediated</marc:subfield>
            <marc:subfield code="b">n</marc:subfield>
            <marc:subfield code="2">rdamedia</marc:subfield>
            <marc:subfield code="0">http://rdaregistry.info/termList/RDAMediaType/1007</marc:subfield>
        </marc:datafield>
        <marc:datafield tag="338" ind1=" " ind2=" ">
            <marc:subfield code="a">volume</marc:subfield>
            <marc:subfield code="b">nc</marc:subfield>
            <marc:subfield code="2">rdacarrier</marc:subfield>
            <marc:subfield code="0">http://rdaregistry.info/termList/RDACarrierType/1049</marc:subfield>
        </marc:datafield>
        <marc:datafield tag="380" ind1=" " ind2=" ">
            <marc:subfield code="a">Fiction</marc:subfield>
        </marc:datafield>
        <marc:datafield tag="505" ind1="0" ind2=" ">
            <marc:subfield code="a">Foreword -- Introduction -- Harrison Bergeron / Kurt Vonnegut, Jr. -- Forgetfulness / John W. Campbell, Jr. -- Special flight / John Berryman -- Chronopolis / J.G. Ballard -- Triceratops / Kono Tensei -- The man who lost the sea / Theodore Sturgeon -- On the inside track / Karl Michael Armer -- The Golem / Avram Davidson -- The new prehistory / René Rebetez-Cortes -- A meeting with Medusa / Arthur C. Clarke -- The valley of echoes / Gérard Klein -- The fifth head of Cerberus / Gene Wolfe -- The chaste planet / John Updike -- The blind pilot / Nathalie-Charles Henneberg -- The men who murdered Mohammed / Alfred Bester -- Pairpuppets / Manuel van Loggem -- Two dooms / C.M. Kornbluth -- Tale of the computer that fought a dragon / Stanislaw Lem -- The green hills of Earth / Robert A. Heinlein -- Ghost V / Robert Sheckley -- The phantom of Kansas / John Varley -- Captain Nemo's last adventure / Josef Nesvadba -- Inconstant moon / Larry Niven -- The gold at the starbow's end / Frederik Pohl -- A sign in space / Italo Calvino -- The spiral / Italo Calvino.</marc:subfield>
        </marc:datafield>
        <marc:datafield tag="505" ind1="0" ind2=" ">
            <marc:subfield code="a">The dead past / Isaac Asimov -- The lens / Annemarie van Ewyck -- The hurkle is a happy beast / Theodore Sturgeon -- Zero hour / Ray Bradbury -- Nine lives / Ursula K. Le Guin -- The muse / Anthony Burgess -- The public hating / Steve Allen -- Poor superman / Fritz Leiber -- Angouleme / Thomas M. Disch -- Stranger station / Damon Knight -- The dead fish / Boris Vian -- I was the first to find you / Kirill Bulychev -- The lineman / Walter M. Miller, Jr. -- Tlön, Uqbar, Orbis Tertius / Jorge Luis Borges -- Codemus / Tor Åge Bringsvaerd -- A kind of artistry / Brian Aldiss -- Second variety / Philip K. Dick -- Weihnachtsabend / Keith Roberts -- I do not love thee, Doctor Fell / Robert Bloch -- Aye, and Gomorrah-- / Samuel R. Delany -- How Erg the Self-inducting slew a paleface / Stanislaw Lem -- Nobody's home / Joanna Russ -- Party line / Gérard Klein -- The proud robot / Lewis Padgett -- Vintage season / Henry Kuttner and C.L. Moore -- Way to Amalteia / Arkady and Boris Strugatsky.</marc:subfield>
        </marc:datafield>
        <marc:datafield tag="520" ind1=" " ind2=" ">
            <marc:subfield code="a">Includes Vonnegut, Kurt Jr., &quot;Harrison Bergeron&quot;/Campbell, John W. Jr., &quot;Forgetfulness&quot;/Berryman, John, &quot;Special Flight&quot;/Ballard, J. G., &quot;Chronopolis&quot;/Tensei, Kono, &quot;Triceratops&quot;/Sturgeon, Theodore, &quot;The Man Who Lost the Sea&quot;/Armer, Karl Michael, &quot;On the Inside Track&quot;/Davidson, Avram, &quot;The Golem&quot;/Rebetez-Cortes, Rene, &quot;The New Prehistory&quot;/Clarke, Arthur C., &quot;A Meeting with Medusa&quot;/Klein, Gerard, &quot;The Valley of Echoes&quot;/Wolfe, Gene, &quot;The Fifth Head of Cerberus&quot;/Updike, John, &quot;The Chaste Planet&quot;/Henneberg, Nathalie-Charles, &quot;The Blind Pilot&quot;/Bester, Alfred, &quot;The Men Who Murdered Mohammed&quot;/Pairpuppets, &quot;Manuel van Loggem&quot;/Kornbluth, C.M., &quot;Two Dooms&quot;/Lem, Stanislaw, &quot;Tale of the Computer that Fought a Dragon&quot;/Heinlein, Robert A., &quot;The Green Hills of Earth&quot;/Sheckley, Robert, &quot;Ghost V&quot;/Varley, John, &quot;The Phantom of Kansas&quot;/Nesvadba, Josef, &quot;Captain Nemo's Last Adventure&quot;/Niven, Larry, &quot;Inconstant Moon&quot;/Pohl, Frederik, &quot;The Gold at the Starbow's End&quot;/Calvino, Italo, &quot;A Sign in Space&quot; &quot;The Spiral&quot;/Asimov Isaac, &quot;The Dead Past&quot;/van Ewyck, Annemarie, &quot;The Lens&quot;/Sturgeon, Theodore, &quot;The Hurkle Is a Happy Beast&quot;/Bradbury, Ray, &quot;Zero Hour&quot;/Le Guin, Ursula K., &quot;Nine Lives&quot;/Burgess, Anthony, &quot;The Muse&quot;/Allen, Steve, &quot;The Public Hating&quot;/Leiber, Fritz, &quot;Poor Superman&quot;/Disch, Thomas M., &quot;Angouleme&quot;/Knight, Damon, &quot;Stranger Station&quot; and more.</marc:subfield>
        </marc:datafield>
        <marc:datafield tag="650" ind1=" " ind2="0">
            <marc:subfield code="a">Science fiction</marc:subfield>
            <marc:subfield code="x">Translations into English.</marc:subfield>
        </marc:datafield>
        <marc:datafield tag="650" ind1=" " ind2="0">
            <marc:subfield code="a">Science fiction.</marc:subfield>
        </marc:datafield>
        <marc:datafield tag="650" ind1=" " ind2="7">
            <marc:subfield code="a">Science fiction.</marc:subfield>
            <marc:subfield code="2">fast</marc:subfield>
        </marc:datafield>
        <marc:datafield tag="655" ind1=" " ind2="7">
            <marc:subfield code="a">Science fiction.</marc:subfield>
            <marc:subfield code="2">lcsh</marc:subfield>
        </marc:datafield>
        <marc:datafield tag="655" ind1=" " ind2="7">
            <marc:subfield code="a">Translations.</marc:subfield>
            <marc:subfield code="2">fast</marc:subfield>
        </marc:datafield>
        <marc:datafield tag="700" ind1="0" ind2="2">
            <marc:subfield code="a">Aldiss, Brian W.</marc:subfield>
            <marc:subfield code="t">A kind of artistry</marc:subfield>
            <marc:subfield code="1">http://www.isfdb.org/cgi-bin/title.cgi?493181</marc:subfield>
        </marc:datafield>
        <marc:datafield tag="700" ind1="0" ind2="2">
            <marc:subfield code="a">Allen, Steve</marc:subfield>
            <marc:subfield code="t">The public hating</marc:subfield>
            <marc:subfield code="1">http://www.isfdb.org/cgi-bin/title.cgi?41026</marc:subfield>
        </marc:datafield>
        <marc:datafield tag="700" ind1="0" ind2="2">
            <marc:subfield code="a">Armer, Karl Michael</marc:subfield>
            <marc:subfield code="t">On the inside track</marc:subfield>
            <marc:subfield code="1">http://www.isfdb.org/cgi-bin/title.cgi?1947904</marc:subfield>
        </marc:datafield>
        <marc:datafield tag="700" ind1="0" ind2="2">
            <marc:subfield code="a">Asimov, Isaac</marc:subfield>
            <marc:subfield code="t">The dead past</marc:subfield>
            <marc:subfield code="1">http://www.isfdb.org/cgi-bin/title.cgi?55741</marc:subfield>
        </marc:datafield>
        <marc:datafield tag="700" ind1="0" ind2="2">
            <marc:subfield code="a">Ballard, J. G.</marc:subfield>
            <marc:subfield code="d">1930-2009</marc:subfield>
            <marc:subfield code="t">Chronopolis</marc:subfield>
            <marc:subfield code="1">http://www.isfdb.org/cgi-bin/title.cgi?41557</marc:subfield>
        </marc:datafield>
        <marc:datafield tag="700" ind1="0" ind2="2">
            <marc:subfield code="a">Berryman, John</marc:subfield>
            <marc:subfield code="t">Special flight</marc:subfield>
            <marc:subfield code="1">http://www.isfdb.org/cgi-bin/title.cgi?45279</marc:subfield>
        </marc:datafield>
        <marc:datafield tag="700" ind1="0" ind2="2">
            <marc:subfield code="a">Bester, Alfred</marc:subfield>
            <marc:subfield code="t">The men who murdered Mohammed</marc:subfield>
            <marc:subfield code="1">http://www.isfdb.org/cgi-bin/title.cgi?41160</marc:subfield>
        </marc:datafield>
        <marc:datafield tag="700" ind1="0" ind2="2">
            <marc:subfield code="a">Bloch, Robert</marc:subfield>
            <marc:subfield code="t">I do not love thee, Doctor Fell</marc:subfield>
            <marc:subfield code="1">http://www.isfdb.org/cgi-bin/title.cgi?58525</marc:subfield>
        </marc:datafield>
        <marc:datafield tag="700" ind1="0" ind2="2">
            <marc:subfield code="a">Borges, Jorge Luis</marc:subfield>
            <marc:subfield code="t">Tlön, Uqbar, Orbis Tertius</marc:subfield>
            <marc:subfield code="1">http://www.isfdb.org/cgi-bin/title.cgi?1564888</marc:subfield>
        </marc:datafield>
        <marc:datafield tag="700" ind1="0" ind2="2">
            <marc:subfield code="a">Bradbury, Ray</marc:subfield>
            <marc:subfield code="t">Zero hour</marc:subfield>
            <marc:subfield code="1">http://www.isfdb.org/cgi-bin/title.cgi?2825264</marc:subfield>
        </marc:datafield>
        <marc:datafield tag="700" ind1="0" ind2="2">
            <marc:subfield code="a">Bringsværd, Tor Åge</marc:subfield>
            <marc:subfield code="t">Codemus</marc:subfield>
            <marc:subfield code="1">http://www.isfdb.org/cgi-bin/title.cgi?1694589</marc:subfield>
        </marc:datafield>
        <marc:datafield tag="700" ind1="0" ind2="2">
            <marc:subfield code="a">Bulychev, Kirill</marc:subfield>
            <marc:subfield code="t">I was the first to find you</marc:subfield>
            <marc:subfield code="1">http://www.isfdb.org/cgi-bin/title.cgi?940652</marc:subfield>
        </marc:datafield>
        <marc:datafield tag="700" ind1="0" ind2="2">
            <marc:subfield code="a">Burgess, Anthony</marc:subfield>
            <marc:subfield code="t">The muse</marc:subfield>
            <marc:subfield code="1">http://www.isfdb.org/cgi-bin/title.cgi?41120</marc:subfield>
        </marc:datafield>
        <marc:datafield tag="700" ind1="0" ind2="2">
            <marc:subfield code="a">Calvino, Italo</marc:subfield>
            <marc:subfield code="t">A sign in space</marc:subfield>
            <marc:subfield code="1">http://www.isfdb.org/cgi-bin/title.cgi?1044760</marc:subfield>
        </marc:datafield>
        <marc:datafield tag="700" ind1="0" ind2="2">
            <marc:subfield code="a">Calvino, Italo</marc:subfield>
            <marc:subfield code="t">The spiral</marc:subfield>
            <marc:subfield code="1">http://www.isfdb.org/cgi-bin/title.cgi?1044769</marc:subfield>
        </marc:datafield>
        <marc:datafield tag="700" ind1="0" ind2="2">
            <marc:subfield code="a">Clarke, Arthur C.</marc:subfield>
            <marc:subfield code="t">A meeting with Medusa</marc:subfield>
            <marc:subfield code="1">http://www.isfdb.org/cgi-bin/title.cgi?56729</marc:subfield>
        </marc:datafield>
        <marc:datafield tag="700" ind1="0" ind2="2">
            <marc:subfield code="a">Davidson, Avram</marc:subfield>
            <marc:subfield code="t">The Golem</marc:subfield>
            <marc:subfield code="1">http://www.isfdb.org/cgi-bin/title.cgi?41363</marc:subfield>
        </marc:datafield>
        <marc:datafield tag="700" ind1="0" ind2="2">
            <marc:subfield code="a">Delany, Samuel R.</marc:subfield>
            <marc:subfield code="t">Aye, and Gomorrah</marc:subfield>
            <marc:subfield code="1">http://www.isfdb.org/cgi-bin/title.cgi?68754</marc:subfield>
        </marc:datafield>
        <marc:datafield tag="700" ind1="0" ind2="2">
            <marc:subfield code="a">Dick, Philip K.</marc:subfield>
            <marc:subfield code="t">Second variety</marc:subfield>
            <marc:subfield code="1">http://www.isfdb.org/cgi-bin/title.cgi?37575</marc:subfield>
        </marc:datafield>
        <marc:datafield tag="700" ind1="0" ind2="2">
            <marc:subfield code="a">Disch, Thomas M.</marc:subfield>
            <marc:subfield code="t">Angouleme</marc:subfield>
            <marc:subfield code="1">http://www.isfdb.org/cgi-bin/title.cgi?41658</marc:subfield>
        </marc:datafield>
        <marc:datafield tag="700" ind1="0" ind2="2">
            <marc:subfield code="a">Ewyck, Annemarie van</marc:subfield>
            <marc:subfield code="t">The lens</marc:subfield>
            <marc:subfield code="1">http://www.isfdb.org/cgi-bin/title.cgi?41225</marc:subfield>
        </marc:datafield>
        <marc:datafield tag="700" ind1="0" ind2="2">
            <marc:subfield code="a">Guin, Ursula K. Le</marc:subfield>
            <marc:subfield code="t">Nine lives</marc:subfield>
            <marc:subfield code="1">http://www.isfdb.org/cgi-bin/title.cgi?41107</marc:subfield>
        </marc:datafield>
        <marc:datafield tag="700" ind1="0" ind2="2">
            <marc:subfield code="a">Heinlein, Robert A.</marc:subfield>
            <marc:subfield code="t">The green hills of Earth</marc:subfield>
            <marc:subfield code="1">http://www.isfdb.org/cgi-bin/title.cgi?41350</marc:subfield>
        </marc:datafield>
        <marc:datafield tag="700" ind1="0" ind2="2">
            <marc:subfield code="a">Henneberg, Nathalie-Charles</marc:subfield>
            <marc:subfield code="t">The blind pilot</marc:subfield>
            <marc:subfield code="1">http://www.isfdb.org/cgi-bin/title.cgi?1770589</marc:subfield>
        </marc:datafield>
        <marc:datafield tag="700" ind1="0" ind2="2">
            <marc:subfield code="a">John W. Campbell, Jr</marc:subfield>
            <marc:subfield code="t">Forgetfulness</marc:subfield>
            <marc:subfield code="1">http://www.isfdb.org/cgi-bin/title.cgi?48020</marc:subfield>
        </marc:datafield>
        <marc:datafield tag="700" ind1="0" ind2="2">
            <marc:subfield code="a">Klein, Gérard</marc:subfield>
            <marc:subfield code="t">Party line</marc:subfield>
            <marc:subfield code="1">http://www.isfdb.org/cgi-bin/title.cgi?1193913</marc:subfield>
        </marc:datafield>
        <marc:datafield tag="700" ind1="0" ind2="2">
            <marc:subfield code="a">Klein, Gérard</marc:subfield>
            <marc:subfield code="t">The valley of echoes</marc:subfield>
            <marc:subfield code="1">http://www.isfdb.org/cgi-bin/title.cgi?1227657</marc:subfield>
        </marc:datafield>
        <marc:datafield tag="700" ind1="0" ind2="2">
            <marc:subfield code="a">Knight, Damon</marc:subfield>
            <marc:subfield code="t">Stranger station</marc:subfield>
            <marc:subfield code="1">http://www.isfdb.org/cgi-bin/title.cgi?40903</marc:subfield>
        </marc:datafield>
        <marc:datafield tag="700" ind1="0" ind2="2">
            <marc:subfield code="a">Kornbluth, C.M.</marc:subfield>
            <marc:subfield code="t">Two dooms</marc:subfield>
            <marc:subfield code="1">http://www.isfdb.org/cgi-bin/title.cgi?40842</marc:subfield>
        </marc:datafield>
        <marc:datafield tag="700" ind1="0" ind2="2">
            <marc:subfield code="a">Kurt Vonnegut, Jr</marc:subfield>
            <marc:subfield code="t">Harrison Bergeron</marc:subfield>
            <marc:subfield code="1">http://www.isfdb.org/cgi-bin/title.cgi?41335</marc:subfield>
        </marc:datafield>
        <marc:datafield tag="700" ind1="0" ind2="2">
            <marc:subfield code="a">Leiber, Fritz</marc:subfield>
            <marc:subfield code="t">Poor superman</marc:subfield>
            <marc:subfield code="1">http://www.isfdb.org/cgi-bin/title.cgi?41048</marc:subfield>
        </marc:datafield>
        <marc:datafield tag="700" ind1="0" ind2="2">
            <marc:subfield code="a">Lem, Stanislaw</marc:subfield>
            <marc:subfield code="t">How Erg the Self-inducting slew a paleface</marc:subfield>
            <marc:subfield code="1">http://www.isfdb.org/cgi-bin/title.cgi?2608858</marc:subfield>
        </marc:datafield>
        <marc:datafield tag="700" ind1="0" ind2="2">
            <marc:subfield code="a">Lem, Stanislaw</marc:subfield>
            <marc:subfield code="t">Tale of the computer that fought a dragon</marc:subfield>
            <marc:subfield code="1">http://www.isfdb.org/cgi-bin/title.cgi?837545</marc:subfield>
        </marc:datafield>
        <marc:datafield tag="700" ind1="0" ind2="2">
            <marc:subfield code="a">Loggem, Manuel van</marc:subfield>
            <marc:subfield code="t">Pairpuppets</marc:subfield>
            <marc:subfield code="1">http://www.isfdb.org/cgi-bin/title.cgi?1199713</marc:subfield>
        </marc:datafield>
        <marc:datafield tag="700" ind1="0" ind2="2">
            <marc:subfield code="a">Moore, Henry Kuttner and C.L.</marc:subfield>
            <marc:subfield code="t">Vintage season</marc:subfield>
            <marc:subfield code="1">http://www.isfdb.org/cgi-bin/title.cgi?59665</marc:subfield>
        </marc:datafield>
        <marc:datafield tag="700" ind1="0" ind2="2">
            <marc:subfield code="a">Nesvadba, Josef</marc:subfield>
            <marc:subfield code="t">Captain Nemo's last adventure</marc:subfield>
            <marc:subfield code="1">http://www.isfdb.org/cgi-bin/title.cgi?1228232</marc:subfield>
        </marc:datafield>
        <marc:datafield tag="700" ind1="0" ind2="2">
            <marc:subfield code="a">Niven, Larry</marc:subfield>
            <marc:subfield code="t">Inconstant moon</marc:subfield>
            <marc:subfield code="1">http://www.isfdb.org/cgi-bin/title.cgi?41283</marc:subfield>
        </marc:datafield>
        <marc:datafield tag="700" ind1="0" ind2="2">
            <marc:subfield code="a">Padgett, Lewis</marc:subfield>
            <marc:subfield code="t">The proud robot</marc:subfield>
            <marc:subfield code="1">http://www.isfdb.org/cgi-bin/title.cgi?189852</marc:subfield>
        </marc:datafield>
        <marc:datafield tag="700" ind1="0" ind2="2">
            <marc:subfield code="a">Pohl, Frederik</marc:subfield>
            <marc:subfield code="t">The gold at the starbow's end</marc:subfield>
            <marc:subfield code="1">http://www.isfdb.org/cgi-bin/title.cgi?51188</marc:subfield>
        </marc:datafield>
        <marc:datafield tag="700" ind1="0" ind2="2">
            <marc:subfield code="a">Rebetez-Cortes, René</marc:subfield>
            <marc:subfield code="t">The new prehistory</marc:subfield>
            <marc:subfield code="1">http://www.isfdb.org/cgi-bin/title.cgi?1043438</marc:subfield>
        </marc:datafield>
        <marc:datafield tag="700" ind1="0" ind2="2">
            <marc:subfield code="a">Roberts, Keith</marc:subfield>
            <marc:subfield code="t">Weihnachtsabend</marc:subfield>
            <marc:subfield code="1">http://www.isfdb.org/cgi-bin/title.cgi?77508</marc:subfield>
        </marc:datafield>
        <marc:datafield tag="700" ind1="0" ind2="2">
            <marc:subfield code="a">Russ, Joanna</marc:subfield>
            <marc:subfield code="t">Nobody's home</marc:subfield>
            <marc:subfield code="1">http://www.isfdb.org/cgi-bin/title.cgi?41101</marc:subfield>
        </marc:datafield>
        <marc:datafield tag="700" ind1="0" ind2="2">
            <marc:subfield code="a">Sheckley, Robert</marc:subfield>
            <marc:subfield code="t">Ghost V</marc:subfield>
            <marc:subfield code="1">http://www.isfdb.org/cgi-bin/title.cgi?45804</marc:subfield>
        </marc:datafield>
        <marc:datafield tag="700" ind1="0" ind2="2">
            <marc:subfield code="a">Strugatsky, Arkady and Boris</marc:subfield>
            <marc:subfield code="t">Way to Amalteia</marc:subfield>
            <marc:subfield code="1">http://www.isfdb.org/cgi-bin/title.cgi?670081</marc:subfield>
        </marc:datafield>
        <marc:datafield tag="700" ind1="0" ind2="2">
            <marc:subfield code="a">Sturgeon, Theodore</marc:subfield>
            <marc:subfield code="t">The hurkle is a happy beast</marc:subfield>
            <marc:subfield code="1">http://www.isfdb.org/cgi-bin/title.cgi?68283</marc:subfield>
        </marc:datafield>
        <marc:datafield tag="700" ind1="0" ind2="2">
            <marc:subfield code="a">Sturgeon, Theodore</marc:subfield>
            <marc:subfield code="t">The man who lost the sea</marc:subfield>
            <marc:subfield code="1">http://www.isfdb.org/cgi-bin/title.cgi?41178</marc:subfield>
        </marc:datafield>
        <marc:datafield tag="700" ind1="0" ind2="2">
            <marc:subfield code="a">Tensei, Kono</marc:subfield>
            <marc:subfield code="t">Triceratops</marc:subfield>
            <marc:subfield code="1">http://www.isfdb.org/cgi-bin/title.cgi?1772115</marc:subfield>
        </marc:datafield>
        <marc:datafield tag="700" ind1="0" ind2="2">
            <marc:subfield code="a">Updike, John</marc:subfield>
            <marc:subfield code="t">The chaste planet</marc:subfield>
            <marc:subfield code="1">http://www.isfdb.org/cgi-bin/title.cgi?41564</marc:subfield>
        </marc:datafield>
        <marc:datafield tag="700" ind1="0" ind2="2">
            <marc:subfield code="a">Varley, John</marc:subfield>
            <marc:subfield code="t">The phantom of Kansas</marc:subfield>
            <marc:subfield code="1">http://www.isfdb.org/cgi-bin/title.cgi?41067</marc:subfield>
        </marc:datafield>
        <marc:datafield tag="700" ind1="0" ind2="2">
            <marc:subfield code="a">Vian, Boris</marc:subfield>
            <marc:subfield code="t">The dead fish</marc:subfield>
            <marc:subfield code="1">http://www.isfdb.org/cgi-bin/title.cgi?1733237</marc:subfield>
        </marc:datafield>
        <marc:datafield tag="700" ind1="0" ind2="2">
            <marc:subfield code="a">Walter M. Miller, Jr</marc:subfield>
            <marc:subfield code="t">The lineman</marc:subfield>
            <marc:subfield code="1">http://www.isfdb.org/cgi-bin/title.cgi?41205</marc:subfield>
        </marc:datafield>
        <marc:datafield tag="700" ind1="0" ind2="2">
            <marc:subfield code="a">Wolfe, Gene</marc:subfield>
            <marc:subfield code="t">The fifth head of Cerberus</marc:subfield>
            <marc:subfield code="1">http://www.isfdb.org/cgi-bin/pe.cgi?41887</marc:subfield>
        </marc:datafield>
        <marc:datafield tag="700" ind1="1" ind2=" ">
            <marc:subfield code="a">Fadiman, Clifton</marc:subfield>
            <marc:subfield code="d">1904-1999.</marc:subfield>
            <marc:subfield code="4">aui</marc:subfield>
            <marc:subfield code="4">http://rdaregistry.info/Elements/m/object/P30328</marc:subfield>
            <marc:subfield code="4">edt</marc:subfield>
            <marc:subfield code="4">http://rdaregistry.info/Elements/m/object/P30267</marc:subfield>
            <marc:subfield code="1">http://example.org/person/fadimanclifton</marc:subfield>
        </marc:datafield>
        <marc:datafield tag="700" ind1="1" ind2=" ">
            <marc:subfield code="a">Hartwell, David G.</marc:subfield>
            <marc:subfield code="4">edt</marc:subfield>
            <marc:subfield code="e">dc</marc:subfield>
            <marc:subfield code="4">http://rdaregistry.info/Elements/m/object/P30267</marc:subfield>
            <marc:subfield code="1">http://viaf.org/viaf/33278380</marc:subfield>
        </marc:datafield>
        <marc:datafield tag="830" ind1=" " ind2="0">
            <marc:subfield code="a">World treasury.</marc:subfield>
        </marc:datafield>
    </marc:record>