
    <marc:record>
        <marc:leader>02726cam a22003857c 4500</marc:leader>
        <marc:controlfield tag="001">991345036004702201</marc:controlfield>
        <marc:controlfield tag="003">BIBSYS</marc:controlfield>
        <marc:controlfield tag="005">20150206120624.0</marc:controlfield>
        <marc:controlfield tag="007">ta</marc:controlfield>
        <marc:controlfield tag="008">150206s1970    xx#|||||||||||000|||eng|d</marc:controlfield>
        <marc:datafield tag="020" ind1=" " ind2=" ">
            <marc:subfield code="a">0583117252</marc:subfield>
            <marc:subfield code="q">h.</marc:subfield>
        </marc:datafield>
        <marc:datafield tag="040" ind1=" " ind2=" ">
            <marc:subfield code="a">NO-TrBIB</marc:subfield>
            <marc:subfield code="b">nob</marc:subfield>
            <marc:subfield code="e">katreg</marc:subfield>
        </marc:datafield>
        <marc:datafield tag="245" ind1="0" ind2="0">
            <marc:subfield code="a">SF the best of the best :</marc:subfield>
            <marc:subfield code="b">Part one</marc:subfield>
            <marc:subfield code="c">Edited by Judith Merril</marc:subfield>
        </marc:datafield>
        <marc:datafield tag="260" ind1=" " ind2=" ">
            <marc:subfield code="a">London</marc:subfield>
            <marc:subfield code="b">Mayflower</marc:subfield>
            <marc:subfield code="c">1970</marc:subfield>
        </marc:datafield>
        <marc:datafield tag="300" ind1=" " ind2=" ">
            <marc:subfield code="a">203 s.</marc:subfield>
        </marc:datafield>
        <marc:datafield tag="336" ind1=" " ind2=" ">
            <marc:subfield code="a">tekst</marc:subfield>
            <marc:subfield code="0">http://rdaregistry.info/termList/RDAContentType/1020</marc:subfield>
        </marc:datafield>
        <marc:datafield tag="337" ind1=" " ind2=" ">
            <marc:subfield code="a">uformidlet</marc:subfield>
            <marc:subfield code="0">http://rdaregistry.info/termList/RDAMediaType/1007</marc:subfield>
        </marc:datafield>
        <marc:datafield tag="338" ind1=" " ind2=" ">
            <marc:subfield code="a">bind</marc:subfield>
            <marc:subfield code="0">http://rdaregistry.info/termList/RDACarrierType/1049</marc:subfield>
        </marc:datafield>
        <marc:datafield tag="380" ind1=" " ind2=" ">
            <marc:subfield code="a">Språkbasert verk</marc:subfield>
            <marc:subfield code="1">https://schema.nb.no/Bibliographic/Values/V1000</marc:subfield>
        </marc:datafield>
        <marc:datafield tag="490" ind1="1" ind2=" ">
            <marc:subfield code="a">SF the best of the best</marc:subfield>
            <marc:subfield code="v">1</marc:subfield>
        </marc:datafield>
        <marc:datafield tag="655" ind1=" " ind2="7">
            <marc:subfield code="a">science fiction</marc:subfield>
            <marc:subfield code="2">noubonm</marc:subfield>
        </marc:datafield>
        <marc:datafield tag="700" ind1="1" ind2=" ">
            <marc:subfield code="a">Abernathy, Robert</marc:subfield>
            <marc:subfield code="4">ctb</marc:subfield>
            <marc:subfield code="0">(NO-TrBIB)13022307</marc:subfield>
            <marc:subfield code="1">http://viaf.org/viaf/85394371</marc:subfield>
            <marc:subfield code="4">http://rdaregistry.info/Elements/m/object/P30327</marc:subfield>
        </marc:datafield>
        <marc:datafield tag="700" ind1="1" ind2=" ">
            <marc:subfield code="a">Ballard, J. G.</marc:subfield>
            <marc:subfield code="d">1930-2009</marc:subfield>
            <marc:subfield code="4">ctb</marc:subfield>
            <marc:subfield code="0">(NO-TrBIB)90199005</marc:subfield>
            <marc:subfield code="4">ctb</marc:subfield>
            <marc:subfield code="1">http://viaf.org/viaf/9842556</marc:subfield>
            <marc:subfield code="4">http://rdaregistry.info/Elements/m/object/P30327</marc:subfield>
        </marc:datafield>
        <marc:datafield tag="700" ind1="1" ind2=" ">
            <marc:subfield code="a">Emshwiller, Carol</marc:subfield>
            <marc:subfield code="d">1921-</marc:subfield>
            <marc:subfield code="4">ctb</marc:subfield>
            <marc:subfield code="0">(NO-TrBIB)13020578</marc:subfield>
            <marc:subfield code="4">http://rdaregistry.info/Elements/m/object/P30327</marc:subfield>
            <marc:subfield code="1">http://viaf.org/viaf/28624824</marc:subfield>
        </marc:datafield>
        <marc:datafield tag="700" ind1="1" ind2=" ">
            <marc:subfield code="a">Knight, Damon</marc:subfield>
            <marc:subfield code="4">ctb</marc:subfield>
            <marc:subfield code="0">(NO-TrBIB)90762006</marc:subfield>
            <marc:subfield code="1">http://viaf.org/viaf/62070456</marc:subfield>
            <marc:subfield code="4">http://rdaregistry.info/Elements/m/object/P30327</marc:subfield>
        </marc:datafield>
        <marc:datafield tag="700" ind1="1" ind2=" ">
            <marc:subfield code="a">Leiber, Fritz</marc:subfield>
            <marc:subfield code="d">1910-1992</marc:subfield>
            <marc:subfield code="4">ctb</marc:subfield>
            <marc:subfield code="0">(NO-TrBIB)90705550</marc:subfield>
            <marc:subfield code="1">http://viaf.org/viaf/36920990</marc:subfield>
            <marc:subfield code="4">http://rdaregistry.info/Elements/m/object/P30327</marc:subfield>
        </marc:datafield>
        <marc:datafield tag="700" ind1="1" ind2=" ">
            <marc:subfield code="a">McKenna, Richard M.</marc:subfield>
            <marc:subfield code="4">ctb</marc:subfield>
            <marc:subfield code="0">(NO-TrBIB)13071806</marc:subfield>
            <marc:subfield code="4">http://rdaregistry.info/Elements/m/object/P30327</marc:subfield>
            <marc:subfield code="1">http://example.org/person/mckennarichardm</marc:subfield>
        </marc:datafield>
        <marc:datafield tag="700" ind1="1" ind2=" ">
            <marc:subfield code="a">Merril, Judith</marc:subfield>
            <marc:subfield code="4">edt</marc:subfield>
            <marc:subfield code="4">edc</marc:subfield>
            <marc:subfield code="0">(NO-TrBIB)8036947</marc:subfield>
            <marc:subfield code="1">http://viaf.org/viaf/84170355</marc:subfield>
            <marc:subfield code="4">http://rdaregistry.info/Elements/m/object/P30267</marc:subfield>
        </marc:datafield>
        <marc:datafield tag="700" ind1="1" ind2=" ">
            <marc:subfield code="a">Miller, Walter M. Jr</marc:subfield>
            <marc:subfield code="4">ctb</marc:subfield>
            <marc:subfield code="0">(NO-TrBIB)12069457</marc:subfield>
            <marc:subfield code="4">http://rdaregistry.info/Elements/m/object/P30327</marc:subfield>
            <marc:subfield code="1">http://viaf.org/viaf/105150576</marc:subfield>
        </marc:datafield>
        <marc:datafield tag="700" ind1="1" ind2=" ">
            <marc:subfield code="a">Reynolds, Mack</marc:subfield>
            <marc:subfield code="4">ctb</marc:subfield>
            <marc:subfield code="0">(NO-TrBIB)12056609</marc:subfield>
            <marc:subfield code="4">http://rdaregistry.info/Elements/m/object/P30327</marc:subfield>
            <marc:subfield code="1">http://example.org/person/reynoldsmack</marc:subfield>
        </marc:datafield>
        <marc:datafield tag="700" ind1="1" ind2=" ">
            <marc:subfield code="a">Simak, Clifford D.</marc:subfield>
            <marc:subfield code="4">ctb</marc:subfield>
            <marc:subfield code="0">(NO-TrBIB)90127777</marc:subfield>
            <marc:subfield code="4">http://rdaregistry.info/Elements/m/object/P30327</marc:subfield>
            <marc:subfield code="1">http://example.org/person/simakcliffordd</marc:subfield>
        </marc:datafield>
        <marc:datafield tag="700" ind1="1" ind2=" ">
            <marc:subfield code="a">Smith, Cordwainer</marc:subfield>
            <marc:subfield code="d">1913-1966</marc:subfield>
            <marc:subfield code="4">ctb</marc:subfield>
            <marc:subfield code="0">(NO-TrBIB)8046668</marc:subfield>
            <marc:subfield code="1">http://viaf.org/viaf/79035897</marc:subfield>
            <marc:subfield code="4">http://rdaregistry.info/Elements/m/object/P30327</marc:subfield>
        </marc:datafield>
        <marc:datafield tag="700" ind1="1" ind2=" ">
            <marc:subfield code="a">Sturgeon, Theodore</marc:subfield>
            <marc:subfield code="d">1918-1985</marc:subfield>
            <marc:subfield code="4">ctb</marc:subfield>
            <marc:subfield code="0">(NO-TrBIB)90967876</marc:subfield>
            <marc:subfield code="1">http://viaf.org/viaf/100257330</marc:subfield>
            <marc:subfield code="4">http://rdaregistry.info/Elements/m/object/P30327</marc:subfield>
        </marc:datafield>
        <marc:datafield tag="700" ind1="1" ind2=" ">
            <marc:subfield code="a">Thomas, Theodore L.</marc:subfield>
            <marc:subfield code="4">ctb</marc:subfield>
            <marc:subfield code="0">(NO-TrBIB)90073818</marc:subfield>
            <marc:subfield code="4">http://rdaregistry.info/Elements/m/object/P30327</marc:subfield>
            <marc:subfield code="1">http://viaf.org/viaf/15336784</marc:subfield>
        </marc:datafield>
        <marc:datafield tag="830" ind1=" " ind2="0">
            <marc:subfield code="a">SF the best of the best</marc:subfield>
            <marc:subfield code="v">1</marc:subfield>
        </marc:datafield>
    </marc:record>