
    <marc:record>
        <marc:leader>02196cam a22003733a 4500</marc:leader>
        <marc:controlfield tag="001">18640785</marc:controlfield>
        <marc:controlfield tag="003">SE-LIBR</marc:controlfield>
        <marc:controlfield tag="005">20151111142804.0</marc:controlfield>
        <marc:controlfield tag="008">151111s1981    enk           000 1 eng d</marc:controlfield>
        <marc:datafield tag="015" ind1=" " ind2=" ">
            <marc:subfield code="a">B8120182</marc:subfield>
        </marc:datafield>
        <marc:datafield tag="016" ind1="7" ind2=" ">
            <marc:subfield code="a">009-14577</marc:subfield>
            <marc:subfield code="2">uk</marc:subfield>
        </marc:datafield>
        <marc:datafield tag="016" ind1="7" ind2=" ">
            <marc:subfield code="a">GB8-12018</marc:subfield>
            <marc:subfield code="2">uk</marc:subfield>
        </marc:datafield>
        <marc:datafield tag="020" ind1=" " ind2=" ">
            <marc:subfield code="a">009145770X</marc:subfield>
        </marc:datafield>
        <marc:datafield tag="020" ind1=" " ind2=" ">
            <marc:subfield code="a">9780091457709</marc:subfield>
        </marc:datafield>
        <marc:datafield tag="040" ind1=" " ind2=" ">
            <marc:subfield code="a">NOC</marc:subfield>
            <marc:subfield code="b">eng</marc:subfield>
            <marc:subfield code="c">NOC</marc:subfield>
            <marc:subfield code="d">OCL</marc:subfield>
            <marc:subfield code="d">LAS</marc:subfield>
            <marc:subfield code="d">UKV3G</marc:subfield>
            <marc:subfield code="d">UW1</marc:subfield>
            <marc:subfield code="d">CUY</marc:subfield>
            <marc:subfield code="d">AU@</marc:subfield>
            <marc:subfield code="d">GBVCP</marc:subfield>
            <marc:subfield code="d">OCLCQ</marc:subfield>
            <marc:subfield code="d">OCLCF</marc:subfield>
            <marc:subfield code="d">OCLCQ</marc:subfield>
            <marc:subfield code="d">OCLCO</marc:subfield>
            <marc:subfield code="d">Jm</marc:subfield>
        </marc:datafield>
        <marc:datafield tag="050" ind1=" " ind2="4">
            <marc:subfield code="a">PS648.S3</marc:subfield>
            <marc:subfield code="b">G65</marc:subfield>
        </marc:datafield>
        <marc:datafield tag="082" ind1="0" ind2="4">
            <marc:subfield code="a">823/.0876/08</marc:subfield>
            <marc:subfield code="2">19</marc:subfield>
        </marc:datafield>
        <marc:datafield tag="082" ind1="0" ind2="4">
            <marc:subfield code="a">823/.9/1</marc:subfield>
            <marc:subfield code="2">18</marc:subfield>
        </marc:datafield>
        <marc:datafield tag="245" ind1="0" ind2="4">
            <marc:subfield code="a">The golden age of science fiction /</marc:subfield>
            <marc:subfield code="c">selected and introduced by Kingsley Amis.</marc:subfield>
        </marc:datafield>
        <marc:datafield tag="260" ind1=" " ind2=" ">
            <marc:subfield code="a">London :</marc:subfield>
            <marc:subfield code="b">Hutchinson,</marc:subfield>
            <marc:subfield code="c">1981.</marc:subfield>
        </marc:datafield>
        <marc:datafield tag="300" ind1=" " ind2=" ">
            <marc:subfield code="a">370 pages ;</marc:subfield>
            <marc:subfield code="c">22 cm</marc:subfield>
        </marc:datafield>
        <marc:datafield tag="336" ind1=" " ind2=" ">
            <marc:subfield code="a">text</marc:subfield>
            <marc:subfield code="b">txt</marc:subfield>
            <marc:subfield code="2">rdacontent</marc:subfield>
            <marc:subfield code="0">http://rdaregistry.info/termList/RDAContentType/1020</marc:subfield>
        </marc:datafield>
        <marc:datafield tag="337" ind1=" " ind2=" ">
            <marc:subfield code="a">unmediated</marc:subfield>
            <marc:subfield code="b">n</marc:subfield>
            <marc:subfield code="2">rdamedia</marc:subfield>
            <marc:subfield code="0">http://rdaregistry.info/termList/RDAMediaType/1007</marc:subfield>
        </marc:datafield>
        <marc:datafield tag="338" ind1=" " ind2=" ">
            <marc:subfield code="a">volume</marc:subfield>
            <marc:subfield code="b">nc</marc:subfield>
            <marc:subfield code="2">rdacarrier</marc:subfield>
            <marc:subfield code="0">http://rdaregistry.info/termList/RDACarrierType/1049</marc:subfield>
        </marc:datafield>
        <marc:datafield tag="380" ind1=" " ind2=" ">
            <marc:subfield code="a">Fiction</marc:subfield>
        </marc:datafield>
        <marc:datafield tag="505" ind1="0" ind2="0">
            <marc:subfield code="t">Quest for St Aquin /</marc:subfield>
            <marc:subfield code="r">Anthony Boucher --</marc:subfield>
            <marc:subfield code="t">Xi effect /</marc:subfield>
            <marc:subfield code="r">Philip Latham --</marc:subfield>
            <marc:subfield code="t">Tunnel under the world /</marc:subfield>
            <marc:subfield code="r">Frederik Pohl --</marc:subfield>
            <marc:subfield code="t">Old hundredth /</marc:subfield>
            <marc:subfield code="r">Brian W. Aldiss --</marc:subfield>
            <marc:subfield code="t">Work of art /</marc:subfield>
            <marc:subfield code="r">James Blish --</marc:subfield>
            <marc:subfield code="t">Harrison Bergeron /</marc:subfield>
            <marc:subfield code="r">Kurt Vonnegut Jr. --</marc:subfield>
            <marc:subfield code="t">Voices of time /</marc:subfield>
            <marc:subfield code="r">J.G. Ballard --</marc:subfield>
            <marc:subfield code="t">Specialist /</marc:subfield>
            <marc:subfield code="r">Robert Sheckley --</marc:subfield>
            <marc:subfield code="t">He walked around the horses /</marc:subfield>
            <marc:subfield code="r">H. Beam Piper --</marc:subfield>
            <marc:subfield code="t">Game of rat and dragon /</marc:subfield>
            <marc:subfield code="r">Cordwainer Smith --</marc:subfield>
            <marc:subfield code="t">Nine billion names of God /</marc:subfield>
            <marc:subfield code="r">Arthur C. Clarke --</marc:subfield>
            <marc:subfield code="t">Streets of Askelon /</marc:subfield>
            <marc:subfield code="r">Harry Harrison --</marc:subfield>
            <marc:subfield code="t">Country of the kind /</marc:subfield>
            <marc:subfield code="r">Damon Knight --</marc:subfield>
            <marc:subfield code="t">Machine that won the war /</marc:subfield>
            <marc:subfield code="r">Isaac Asimov --</marc:subfield>
            <marc:subfield code="t">Student body /</marc:subfield>
            <marc:subfield code="r">F.L. Wallace --</marc:subfield>
            <marc:subfield code="t">It's a good life /</marc:subfield>
            <marc:subfield code="r">Jerome Bixby --</marc:subfield>
            <marc:subfield code="t">Sister planet /</marc:subfield>
            <marc:subfield code="r">Poul Anderson.</marc:subfield>
        </marc:datafield>
        <marc:datafield tag="650" ind1=" " ind2="0">
            <marc:subfield code="a">Science fiction, American.</marc:subfield>
        </marc:datafield>
        <marc:datafield tag="650" ind1=" " ind2="0">
            <marc:subfield code="a">Science fiction, English.</marc:subfield>
        </marc:datafield>
        <marc:datafield tag="650" ind1=" " ind2="7">
            <marc:subfield code="a">Science fiction, American.</marc:subfield>
            <marc:subfield code="2">fast</marc:subfield>
        </marc:datafield>
        <marc:datafield tag="650" ind1=" " ind2="7">
            <marc:subfield code="a">Science fiction, English.</marc:subfield>
            <marc:subfield code="2">fast</marc:subfield>
        </marc:datafield>
        <marc:datafield tag="653" ind1=" " ind2="0">
            <marc:subfield code="a">Science fiction, English</marc:subfield>
        </marc:datafield>
        <marc:datafield tag="700" ind1="1" ind2=" ">
            <marc:subfield code="a">Amis, Kingsley</marc:subfield>
            <marc:subfield code="4">edc</marc:subfield>
            <marc:subfield code="4">edt</marc:subfield>
            <marc:subfield code="1">http://viaf.org/viaf/311112707</marc:subfield>
            <marc:subfield code="4">http://rdaregistry.info/Elements/m/object/P30267</marc:subfield>
        </marc:datafield>
        <marc:datafield tag="700" ind1="1" ind2="2">
            <marc:subfield code="a">Ballard, J. G.</marc:subfield>
            <marc:subfield code="d">1930-2009</marc:subfield>
            <marc:subfield code="t">The voices of time</marc:subfield>
            <marc:subfield code="1">http://viaf.org/viaf/311471559</marc:subfield>
        </marc:datafield>
        <marc:datafield tag="776" ind1="0" ind2="8">
            <marc:subfield code="i">Online version:</marc:subfield>
            <marc:subfield code="t">Golden age of science fiction.</marc:subfield>
            <marc:subfield code="d">London : Hutchinson, 1981</marc:subfield>
            <marc:subfield code="w">(OCoLC)558543024</marc:subfield>
        </marc:datafield>
    </marc:record>