
    <marc:record>
        <marc:leader>01035cam a22002657 r4500</marc:leader>
        <marc:controlfield tag="001">6252182</marc:controlfield>
        <marc:controlfield tag="003">SE-LIBR</marc:controlfield>
        <marc:controlfield tag="005">20090422155549.0</marc:controlfield>
        <marc:controlfield tag="008">011211s1987    xxc           000 0 eng c</marc:controlfield>
        <marc:datafield tag="020" ind1=" " ind2=" ">
            <marc:subfield code="a">0-88619-181-5</marc:subfield>
        </marc:datafield>
        <marc:datafield tag="040" ind1=" " ind2=" ">
            <marc:subfield code="a">G</marc:subfield>
        </marc:datafield>
        <marc:datafield tag="082" ind1="0" ind2="4">
            <marc:subfield code="a">823</marc:subfield>
            <marc:subfield code="2">22 (machine generated)</marc:subfield>
        </marc:datafield>
        <marc:datafield tag="084" ind1=" " ind2=" ">
            <marc:subfield code="5">G</marc:subfield>
            <marc:subfield code="a">He.01</marc:subfield>
            <marc:subfield code="2">kssb/6</marc:subfield>
        </marc:datafield>
        <marc:datafield tag="084" ind1=" " ind2=" ">
            <marc:subfield code="a">He.01</marc:subfield>
            <marc:subfield code="2">kssb/6</marc:subfield>
        </marc:datafield>
        <marc:datafield tag="100" ind1="1" ind2=" ">
            <marc:subfield code="a">Ballard, J. G.</marc:subfield>
            <marc:subfield code="d">1930-2009</marc:subfield>
            <marc:subfield code="0">176668</marc:subfield>
            <marc:subfield code="1">http://viaf.org/viaf/9842556</marc:subfield>
            <marc:subfield code="4">http://rdaregistry.info/Elements/w/object/P10061</marc:subfield>
        </marc:datafield>
        <marc:datafield tag="240" ind1="1" ind2="0">
            <marc:subfield code="a">The day of creation</marc:subfield>
            <marc:subfield code="1">http://viaf.org/viaf/308025936</marc:subfield>
        </marc:datafield>
        <marc:datafield tag="245" ind1="0" ind2="4">
            <marc:subfield code="a">The day of creation /</marc:subfield>
            <marc:subfield code="c">J.G. Ballard</marc:subfield>
        </marc:datafield>
        <marc:datafield tag="250" ind1=" " ind2=" ">
            <marc:subfield code="a">1. ed.</marc:subfield>
        </marc:datafield>
        <marc:datafield tag="260" ind1=" " ind2=" ">
            <marc:subfield code="a">Toronto :</marc:subfield>
            <marc:subfield code="b">Lester and Orpen Dennys,</marc:subfield>
            <marc:subfield code="c">cop. 1987</marc:subfield>
        </marc:datafield>
        <marc:datafield tag="300" ind1=" " ind2=" ">
            <marc:subfield code="a">254 s.</marc:subfield>
        </marc:datafield>
        <marc:datafield tag="336" ind1=" " ind2=" ">
            <marc:subfield code="a">tekst</marc:subfield>
            <marc:subfield code="0">http://rdaregistry.info/termList/RDAContentType/1020</marc:subfield>
        </marc:datafield>
        <marc:datafield tag="337" ind1=" " ind2=" ">
            <marc:subfield code="a">uformidlet</marc:subfield>
            <marc:subfield code="0">http://rdaregistry.info/termList/RDAMediaType/1007</marc:subfield>
        </marc:datafield>
        <marc:datafield tag="338" ind1=" " ind2=" ">
            <marc:subfield code="a">bind</marc:subfield>
            <marc:subfield code="0">http://rdaregistry.info/termList/RDACarrierType/1049</marc:subfield>
        </marc:datafield>
        <marc:datafield tag="380" ind1=" " ind2=" ">
            <marc:subfield code="a">Språkbasert verk</marc:subfield>
            <marc:subfield code="1">https://schema.nb.no/Bibliographic/Values/V1000</marc:subfield>
        </marc:datafield>
        <marc:datafield tag="775" ind1="1" ind2="8">
            <marc:subfield code="i">Parallellupplaga</marc:subfield>
            <marc:subfield code="z">0-575-04152-8</marc:subfield>
            <marc:subfield code="w">0575041528</marc:subfield>
        </marc:datafield>
    </marc:record>