
    <marc:record>
        <marc:leader>02822cam a22003737c 4500</marc:leader>
        <marc:controlfield tag="001">991313701464702201</marc:controlfield>
        <marc:controlfield tag="003">BIBSYS</marc:controlfield>
        <marc:controlfield tag="005">20150206120624.0</marc:controlfield>
        <marc:controlfield tag="007">ta</marc:controlfield>
        <marc:controlfield tag="008">150206s1971    xx#|||||||||||000|f|eng|d</marc:controlfield>
        <marc:datafield tag="020" ind1=" " ind2=" ">
            <marc:subfield code="a">0090038908</marc:subfield>
            <marc:subfield code="q">h.</marc:subfield>
        </marc:datafield>
        <marc:datafield tag="040" ind1=" " ind2=" ">
            <marc:subfield code="a">NO-TrBIB</marc:subfield>
            <marc:subfield code="b">nob</marc:subfield>
            <marc:subfield code="e">katreg</marc:subfield>
        </marc:datafield>
        <marc:datafield tag="245" ind1="0" ind2="4">
            <marc:subfield code="a">The new SF :</marc:subfield>
            <marc:subfield code="b">An original anthology of modern speculative fiction</marc:subfield>
            <marc:subfield code="c">Edited by Langdon Jones</marc:subfield>
        </marc:datafield>
        <marc:datafield tag="260" ind1=" " ind2=" ">
            <marc:subfield code="a">London</marc:subfield>
            <marc:subfield code="b">Arrow Books</marc:subfield>
            <marc:subfield code="c">1971</marc:subfield>
        </marc:datafield>
        <marc:datafield tag="300" ind1=" " ind2=" ">
            <marc:subfield code="a">224 s.</marc:subfield>
        </marc:datafield>
        <marc:datafield tag="336" ind1=" " ind2=" ">
            <marc:subfield code="a">tekst</marc:subfield>
            <marc:subfield code="0">http://rdaregistry.info/termList/RDAContentType/1020</marc:subfield>
        </marc:datafield>
        <marc:datafield tag="337" ind1=" " ind2=" ">
            <marc:subfield code="a">uformidlet</marc:subfield>
            <marc:subfield code="0">http://rdaregistry.info/termList/RDAMediaType/1007</marc:subfield>
        </marc:datafield>
        <marc:datafield tag="338" ind1=" " ind2=" ">
            <marc:subfield code="a">bind</marc:subfield>
            <marc:subfield code="0">http://rdaregistry.info/termList/RDACarrierType/1049</marc:subfield>
        </marc:datafield>
        <marc:datafield tag="380" ind1=" " ind2=" ">
            <marc:subfield code="a">Språkbasert verk</marc:subfield>
            <marc:subfield code="1">https://schema.nb.no/Bibliographic/Values/V1000</marc:subfield>
        </marc:datafield>
        <marc:datafield tag="655" ind1=" " ind2="7">
            <marc:subfield code="a">science fiction</marc:subfield>
            <marc:subfield code="2">noubonm</marc:subfield>
        </marc:datafield>
        <marc:datafield tag="700" ind1="1" ind2=" ">
            <marc:subfield code="a">Aldiss, Brian W.</marc:subfield>
            <marc:subfield code="d">1925-</marc:subfield>
            <marc:subfield code="4">ctb</marc:subfield>
            <marc:subfield code="0">(NO-TrBIB)90056060</marc:subfield>
            <marc:subfield code="1">http://viaf.org/viaf/2465493</marc:subfield>
            <marc:subfield code="4">http://rdaregistry.info/Elements/m/object/P30327</marc:subfield>
        </marc:datafield>
        <marc:datafield tag="700" ind1="1" ind2=" ">
            <marc:subfield code="a">Ballard, J. G.</marc:subfield>
            <marc:subfield code="d">1930-2009</marc:subfield>
            <marc:subfield code="4">ctb</marc:subfield>
            <marc:subfield code="0">(NO-TrBIB)90199005</marc:subfield>
            <marc:subfield code="4">ctb</marc:subfield>
            <marc:subfield code="1">http://viaf.org/viaf/9842556</marc:subfield>
            <marc:subfield code="4">http://rdaregistry.info/Elements/m/object/P30327</marc:subfield>
        </marc:datafield>
        <marc:datafield tag="700" ind1="1" ind2=" ">
            <marc:subfield code="a">Butterworth, Michael</marc:subfield>
            <marc:subfield code="4">ctb</marc:subfield>
            <marc:subfield code="0">(NO-TrBIB)13013759</marc:subfield>
            <marc:subfield code="4">http://rdaregistry.info/Elements/m/object/P30327</marc:subfield>
            <marc:subfield code="1">http://example.org/person/butterworthmichael</marc:subfield>
        </marc:datafield>
        <marc:datafield tag="700" ind1="1" ind2=" ">
            <marc:subfield code="a">Disch, Thomas M.</marc:subfield>
            <marc:subfield code="4">ctb</marc:subfield>
            <marc:subfield code="0">(NO-TrBIB)90705277</marc:subfield>
            <marc:subfield code="1">http://viaf.org/viaf/51688624</marc:subfield>
            <marc:subfield code="4">http://rdaregistry.info/Elements/m/object/P30327</marc:subfield>
        </marc:datafield>
        <marc:datafield tag="700" ind1="1" ind2=" ">
            <marc:subfield code="a">Gordon, Giles</marc:subfield>
            <marc:subfield code="4">ctb</marc:subfield>
            <marc:subfield code="0">(NO-TrBIB)90687517</marc:subfield>
            <marc:subfield code="4">http://rdaregistry.info/Elements/m/object/P30327</marc:subfield>
            <marc:subfield code="1">http://example.org/person/gordongiles</marc:subfield>
        </marc:datafield>
        <marc:datafield tag="700" ind1="1" ind2=" ">
            <marc:subfield code="a">Jakubowski, Maxim</marc:subfield>
            <marc:subfield code="4">ctb</marc:subfield>
            <marc:subfield code="0">(NO-TrBIB)90605023</marc:subfield>
            <marc:subfield code="4">http://rdaregistry.info/Elements/m/object/P30327</marc:subfield>
            <marc:subfield code="1">http://example.org/person/jakubowskimaxim</marc:subfield>
        </marc:datafield>
        <marc:datafield tag="700" ind1="1" ind2=" ">
            <marc:subfield code="a">Jones, Langdon</marc:subfield>
            <marc:subfield code="4">edt</marc:subfield>
            <marc:subfield code="0">(NO-TrBIB)12069045</marc:subfield>
            <marc:subfield code="4">http://rdaregistry.info/Elements/m/object/P30267</marc:subfield>
            <marc:subfield code="1">http://example.org/person/joneslangdon</marc:subfield>
        </marc:datafield>
        <marc:datafield tag="700" ind1="1" ind2=" ">
            <marc:subfield code="a">MacBeth, George</marc:subfield>
            <marc:subfield code="4">ctb</marc:subfield>
            <marc:subfield code="0">(NO-TrBIB)90119481</marc:subfield>
            <marc:subfield code="4">http://rdaregistry.info/Elements/m/object/P30327</marc:subfield>
            <marc:subfield code="1">http://viaf.org/viaf/79030479</marc:subfield>
        </marc:datafield>
        <marc:datafield tag="700" ind1="1" ind2=" ">
            <marc:subfield code="a">Moorcock, Michael</marc:subfield>
            <marc:subfield code="d">1939-</marc:subfield>
            <marc:subfield code="4">ctb</marc:subfield>
            <marc:subfield code="0">(NO-TrBIB)90226506</marc:subfield>
            <marc:subfield code="4">http://rdaregistry.info/Elements/m/object/P30327</marc:subfield>
            <marc:subfield code="1">http://viaf.org/viaf/109785773</marc:subfield>
        </marc:datafield>
        <marc:datafield tag="700" ind1="1" ind2=" ">
            <marc:subfield code="a">Platt, Charles</marc:subfield>
            <marc:subfield code="4">ctb</marc:subfield>
            <marc:subfield code="0">(NO-TrBIB)90054352</marc:subfield>
            <marc:subfield code="4">http://rdaregistry.info/Elements/m/object/P30327</marc:subfield>
            <marc:subfield code="1">http://example.org/person/plattcharles</marc:subfield>
        </marc:datafield>
        <marc:datafield tag="700" ind1="1" ind2=" ">
            <marc:subfield code="a">Sallis, James</marc:subfield>
            <marc:subfield code="4">ctb</marc:subfield>
            <marc:subfield code="0">(NO-TrBIB)97036478</marc:subfield>
            <marc:subfield code="4">http://rdaregistry.info/Elements/m/object/P30327</marc:subfield>
            <marc:subfield code="1">http://example.org/person/sallisjames</marc:subfield>
        </marc:datafield>
        <marc:datafield tag="700" ind1="1" ind2=" ">
            <marc:subfield code="a">Sladek, John T.</marc:subfield>
            <marc:subfield code="d">1937-2000</marc:subfield>
            <marc:subfield code="4">ctb</marc:subfield>
            <marc:subfield code="0">(NO-TrBIB)90257574</marc:subfield>
            <marc:subfield code="4">http://rdaregistry.info/Elements/m/object/P30327</marc:subfield>
            <marc:subfield code="1">http://viaf.org/viaf/19684547</marc:subfield>
        </marc:datafield>
        <marc:datafield tag="700" ind1="1" ind2=" ">
            <marc:subfield code="a">Thomas, D. M.</marc:subfield>
            <marc:subfield code="d">1935-</marc:subfield>
            <marc:subfield code="4">ctb</marc:subfield>
            <marc:subfield code="0">(NO-TrBIB)90118522</marc:subfield>
            <marc:subfield code="4">http://rdaregistry.info/Elements/m/object/P30327</marc:subfield>
            <marc:subfield code="1">http://example.org/person/thomasdm</marc:subfield>
        </marc:datafield>
        <marc:datafield tag="700" ind1="1" ind2=" ">
            <marc:subfield code="a">Zoline, Pamela</marc:subfield>
            <marc:subfield code="4">ctb</marc:subfield>
            <marc:subfield code="0">(NO-TrBIB)7067159</marc:subfield>
            <marc:subfield code="4">http://rdaregistry.info/Elements/m/object/P30327</marc:subfield>
            <marc:subfield code="1">http://example.org/person/zolinepamela</marc:subfield>
        </marc:datafield>
    </marc:record>