
    <marc:record>
        <marc:leader>01106nam a2200277 a 4500</marc:leader>
        <marc:controlfield tag="001">016717793</marc:controlfield>
        <marc:controlfield tag="003">UkOxU</marc:controlfield>
        <marc:controlfield tag="005">20080704114701.0</marc:controlfield>
        <marc:controlfield tag="008">040109r20041973enk           000 1 eng d</marc:controlfield>
        <marc:datafield tag="015" ind1=" " ind2=" ">
            <marc:subfield code="a">GB A4-X2335</marc:subfield>
        </marc:datafield>
        <marc:datafield tag="020" ind1=" " ind2=" ">
            <marc:subfield code="a">0099466899 (pbk.)</marc:subfield>
        </marc:datafield>
        <marc:datafield tag="040" ind1=" " ind2=" ">
            <marc:subfield code="a">BDS</marc:subfield>
        </marc:datafield>
        <marc:datafield tag="082" ind1="0" ind2=" ">
            <marc:subfield code="a">823.914</marc:subfield>
            <marc:subfield code="2">22</marc:subfield>
        </marc:datafield>
        <marc:datafield tag="100" ind1="1" ind2=" ">
            <marc:subfield code="a">Ballard, J. G.</marc:subfield>
            <marc:subfield code="d">1930-2009</marc:subfield>
            <marc:subfield code="1">http://viaf.org/viaf/9842556</marc:subfield>
            <marc:subfield code="4">http://rdaregistry.info/Elements/w/object/P10061</marc:subfield>
        </marc:datafield>
        <marc:datafield tag="240" ind1="1" ind2="0">
            <marc:subfield code="a">Crash</marc:subfield>
            <marc:subfield code="1">http://viaf.org/viaf/305922109</marc:subfield>
        </marc:datafield>
        <marc:datafield tag="245" ind1="1" ind2="0">
            <marc:subfield code="a">Crash /</marc:subfield>
            <marc:subfield code="c">J. G. Ballard</marc:subfield>
        </marc:datafield>
        <marc:datafield tag="260" ind1=" " ind2=" ">
            <marc:subfield code="a">London :</marc:subfield>
            <marc:subfield code="b">Vintage,</marc:subfield>
            <marc:subfield code="c">2004.</marc:subfield>
        </marc:datafield>
        <marc:datafield tag="300" ind1=" " ind2=" ">
            <marc:subfield code="a">224 pages ;</marc:subfield>
            <marc:subfield code="c">18 cm.</marc:subfield>
        </marc:datafield>
        <marc:datafield tag="336" ind1=" " ind2=" ">
            <marc:subfield code="a">tekst</marc:subfield>
            <marc:subfield code="0">http://rdaregistry.info/termList/RDAContentType/1020</marc:subfield>
        </marc:datafield>
        <marc:datafield tag="337" ind1=" " ind2=" ">
            <marc:subfield code="a">uformidlet</marc:subfield>
            <marc:subfield code="0">http://rdaregistry.info/termList/RDAMediaType/1007</marc:subfield>
        </marc:datafield>
        <marc:datafield tag="338" ind1=" " ind2=" ">
            <marc:subfield code="a">bind</marc:subfield>
            <marc:subfield code="0">http://rdaregistry.info/termList/RDACarrierType/1049</marc:subfield>
        </marc:datafield>
        <marc:datafield tag="380" ind1=" " ind2=" ">
            <marc:subfield code="a">Språkbasert verk</marc:subfield>
            <marc:subfield code="1">https://schema.nb.no/Bibliographic/Values/V1000</marc:subfield>
        </marc:datafield>
        <marc:datafield tag="500" ind1=" " ind2=" ">
            <marc:subfield code="a">Originally published: London: Jonathan Cape, 1973.</marc:subfield>
        </marc:datafield>
        <marc:datafield tag="650" ind1=" " ind2="0">
            <marc:subfield code="a">Traffic accident victims</marc:subfield>
            <marc:subfield code="x">Psychology</marc:subfield>
            <marc:subfield code="v">Fiction.</marc:subfield>
        </marc:datafield>
        <marc:datafield tag="650" ind1=" " ind2="0">
            <marc:subfield code="a">Traffic accident victims</marc:subfield>
            <marc:subfield code="x">Sexual behavior</marc:subfield>
            <marc:subfield code="v">Fiction.</marc:subfield>
        </marc:datafield>
        <marc:datafield tag="650" ind1=" " ind2="0">
            <marc:subfield code="a">Traffic accidents</marc:subfield>
            <marc:subfield code="v">Fiction.</marc:subfield>
        </marc:datafield>
    </marc:record>