
    <marc:record>
        <marc:leader>03221nam a2200505 i 4500</marc:leader>
        <marc:controlfield tag="001">q205pglbnz9tplbb</marc:controlfield>
        <marc:controlfield tag="003">SE-LIBR</marc:controlfield>
        <marc:controlfield tag="005">20200221153943.0</marc:controlfield>
        <marc:controlfield tag="008">200221t20182018enka|||||b||||001 0deng| </marc:controlfield>
        <marc:datafield tag="010" ind1=" " ind2=" ">
            <marc:subfield code="a">2017060028</marc:subfield>
        </marc:datafield>
        <marc:datafield tag="020" ind1=" " ind2=" ">
            <marc:subfield code="a">1350011681</marc:subfield>
            <marc:subfield code="q">(HB)</marc:subfield>
        </marc:datafield>
        <marc:datafield tag="020" ind1=" " ind2=" ">
            <marc:subfield code="a">9781350011687</marc:subfield>
            <marc:subfield code="q">(HB)</marc:subfield>
        </marc:datafield>
        <marc:datafield tag="020" ind1=" " ind2=" ">
            <marc:subfield code="z">135001169X (ebook)</marc:subfield>
        </marc:datafield>
        <marc:datafield tag="020" ind1=" " ind2=" ">
            <marc:subfield code="z">9781350011694 (ebook)</marc:subfield>
        </marc:datafield>
        <marc:datafield tag="020" ind1=" " ind2=" ">
            <marc:subfield code="z">9781350011700 (pdf)</marc:subfield>
        </marc:datafield>
        <marc:datafield tag="040" ind1=" " ind2=" ">
            <marc:subfield code="a">D</marc:subfield>
            <marc:subfield code="b">eng</marc:subfield>
            <marc:subfield code="c">DLC</marc:subfield>
            <marc:subfield code="d">OCLCO</marc:subfield>
            <marc:subfield code="d">OCLCF</marc:subfield>
            <marc:subfield code="d">D</marc:subfield>
            <marc:subfield code="e">i</marc:subfield>
            <marc:subfield code="e">rda</marc:subfield>
        </marc:datafield>
        <marc:datafield tag="041" ind1=" " ind2=" ">
            <marc:subfield code="a">eng</marc:subfield>
        </marc:datafield>
        <marc:datafield tag="042" ind1=" " ind2=" ">
            <marc:subfield code="a">pcc</marc:subfield>
        </marc:datafield>
        <marc:datafield tag="043" ind1=" " ind2=" ">
            <marc:subfield code="a">e-uk---</marc:subfield>
        </marc:datafield>
        <marc:datafield tag="050" ind1="0" ind2="0">
            <marc:subfield code="a">PR881</marc:subfield>
            <marc:subfield code="b">.A14 2018</marc:subfield>
        </marc:datafield>
        <marc:datafield tag="082" ind1="0" ind2="0">
            <marc:subfield code="a">823/.91409</marc:subfield>
            <marc:subfield code="2">23</marc:subfield>
        </marc:datafield>
        <marc:datafield tag="245" ind1="1" ind2="4">
            <marc:subfield code="a">The 1960s :</marc:subfield>
            <marc:subfield code="b">a decade of modern British fiction /</marc:subfield>
            <marc:subfield code="c">edited by Philip Tew, James Riley and Melanie Seddon.</marc:subfield>
        </marc:datafield>
        <marc:datafield tag="246" ind1="1" ind2=" ">
            <marc:subfield code="a">Decade of modern British fiction</marc:subfield>
        </marc:datafield>
        <marc:datafield tag="246" ind1="1" ind2="3">
            <marc:subfield code="a">Nineteen sixties :</marc:subfield>
            <marc:subfield code="b">a decade of modern British fiction</marc:subfield>
        </marc:datafield>
        <marc:datafield tag="264" ind1=" " ind2="1">
            <marc:subfield code="a">London ;</marc:subfield>
            <marc:subfield code="a">New York :</marc:subfield>
            <marc:subfield code="b">Bloomsbury Academic,</marc:subfield>
            <marc:subfield code="c">2018</marc:subfield>
        </marc:datafield>
        <marc:datafield tag="264" ind1=" " ind2="4">
            <marc:subfield code="c">©2018</marc:subfield>
        </marc:datafield>
        <marc:datafield tag="300" ind1=" " ind2=" ">
            <marc:subfield code="a">xv, 332 pages</marc:subfield>
            <marc:subfield code="b">illustration</marc:subfield>
            <marc:subfield code="c">25 cm.</marc:subfield>
        </marc:datafield>
        <marc:datafield tag="336" ind1=" " ind2=" ">
            <marc:subfield code="a">text</marc:subfield>
            <marc:subfield code="b">txt</marc:subfield>
            <marc:subfield code="2">rdacontent</marc:subfield>
            <marc:subfield code="0">http://rdaregistry.info/termList/RDAContentType/1020</marc:subfield>
        </marc:datafield>
        <marc:datafield tag="337" ind1=" " ind2=" ">
            <marc:subfield code="a">unmediated</marc:subfield>
            <marc:subfield code="b">n</marc:subfield>
            <marc:subfield code="2">rdamedia</marc:subfield>
            <marc:subfield code="0">http://rdaregistry.info/termList/RDAMediaType/1007</marc:subfield>
        </marc:datafield>
        <marc:datafield tag="338" ind1=" " ind2=" ">
            <marc:subfield code="a">volume</marc:subfield>
            <marc:subfield code="b">nc</marc:subfield>
            <marc:subfield code="2">rdacarrier</marc:subfield>
            <marc:subfield code="0">http://rdaregistry.info/termList/RDACarrierType/1049</marc:subfield>
        </marc:datafield>
        <marc:datafield tag="490" ind1="1" ind2=" ">
            <marc:subfield code="a">The Decades Series</marc:subfield>
        </marc:datafield>
        <marc:datafield tag="504" ind1=" " ind2=" ">
            <marc:subfield code="a">Includes bibliographical references and index.</marc:subfield>
        </marc:datafield>
        <marc:datafield tag="505" ind1="8" ind2=" ">
            <marc:subfield code="a">Surfing the Sixties: Critical introduction / Philip Tew, James Riley and Melanie Seddon -- Our troubled youth: a literary history of the 1960s / Melanie Seddon -- The housewife and the single girl as archetypes in satirical novels of the 1960s / Joseph Darlington -- British women's fiction of the 1960s / Tracy Hargreaves -- Certain circles: gay fiction and cultural attitudes of the 1960s / Yvonne Salmon -- Ways of staying, ways of saying: from Black writing in Britain to Black British writing / Graham K. Riach -- The 1960s existential fiction of John Fowles / Michelle Phillips Buchberger -- Experimental British fiction of the Sixties: five meta-modern novelists / Philip Tew -- Inner space odyssey: suburban spacemen and the cults of catastrophe / James Reich -- Terminal data: J.G. Ballard, Michael Moorcock and the fiction of the decade's end / James Riley.</marc:subfield>
        </marc:datafield>
        <marc:datafield tag="648" ind1=" " ind2="7">
            <marc:subfield code="a">1900-1999</marc:subfield>
            <marc:subfield code="2">fast</marc:subfield>
        </marc:datafield>
        <marc:datafield tag="648" ind1=" " ind2="7">
            <marc:subfield code="a">1960-talet</marc:subfield>
            <marc:subfield code="0">https://id.kb.se/term/sao/1960-talet</marc:subfield>
            <marc:subfield code="2">sao</marc:subfield>
        </marc:datafield>
        <marc:datafield tag="650" ind1=" " ind2="0">
            <marc:subfield code="a">English fiction</marc:subfield>
            <marc:subfield code="y">20th century</marc:subfield>
            <marc:subfield code="x">History and criticism.</marc:subfield>
        </marc:datafield>
        <marc:datafield tag="650" ind1=" " ind2="0">
            <marc:subfield code="a">English literature</marc:subfield>
        </marc:datafield>
        <marc:datafield tag="650" ind1=" " ind2="0">
            <marc:subfield code="a">Nineteen sixties</marc:subfield>
            <marc:subfield code="v">Fiction.</marc:subfield>
        </marc:datafield>
        <marc:datafield tag="650" ind1=" " ind2="7">
            <marc:subfield code="a">Engelsk litteratur</marc:subfield>
            <marc:subfield code="0">https://id.kb.se/term/sao/Engelsk%20litteratur</marc:subfield>
            <marc:subfield code="2">sao</marc:subfield>
        </marc:datafield>
        <marc:datafield tag="650" ind1=" " ind2="7">
            <marc:subfield code="a">English fiction.</marc:subfield>
            <marc:subfield code="2">fast</marc:subfield>
        </marc:datafield>
        <marc:datafield tag="655" ind1=" " ind2="7">
            <marc:subfield code="a">Criticism, interpretation, etc.</marc:subfield>
            <marc:subfield code="2">fast</marc:subfield>
        </marc:datafield>
        <marc:datafield tag="700" ind1="1" ind2=" ">
            <marc:subfield code="a">Riley, James</marc:subfield>
            <marc:subfield code="d">1981-</marc:subfield>
            <marc:subfield code="4">edt</marc:subfield>
            <marc:subfield code="4">aui</marc:subfield>
            <marc:subfield code="4">http://rdaregistry.info/Elements/m/object/P30328</marc:subfield>
            <marc:subfield code="4">edc</marc:subfield>
            <marc:subfield code="4">http://rdaregistry.info/Elements/m/object/P30267</marc:subfield>
            <marc:subfield code="1">http://example.org/person/rileyjames</marc:subfield>
        </marc:datafield>
        <marc:datafield tag="700" ind1="1" ind2=" ">
            <marc:subfield code="a">Seddon, Melanie</marc:subfield>
            <marc:subfield code="4">edt</marc:subfield>
            <marc:subfield code="4">aui</marc:subfield>
            <marc:subfield code="4">http://rdaregistry.info/Elements/m/object/P30328</marc:subfield>
            <marc:subfield code="4">edc</marc:subfield>
            <marc:subfield code="4">http://rdaregistry.info/Elements/m/object/P30267</marc:subfield>
            <marc:subfield code="1">http://example.org/person/seddonmelanie</marc:subfield>
        </marc:datafield>
        <marc:datafield tag="700" ind1="1" ind2=" ">
            <marc:subfield code="a">Tew, Philip</marc:subfield>
            <marc:subfield code="4">edt</marc:subfield>
            <marc:subfield code="4">edt</marc:subfield>
            <marc:subfield code="4">aui</marc:subfield>
            <marc:subfield code="4">http://rdaregistry.info/Elements/m/object/P30328</marc:subfield>
            <marc:subfield code="4">edc</marc:subfield>
            <marc:subfield code="4">http://rdaregistry.info/Elements/m/object/P30267</marc:subfield>
            <marc:subfield code="1">http://viaf.org/viaf/51908413</marc:subfield>
        </marc:datafield>
        <marc:datafield tag="830" ind1=" " ind2="0">
            <marc:subfield code="a">Decades series (Bloomsbury (Firm))</marc:subfield>
        </marc:datafield>
    </marc:record>