
    <marc:record>
        <marc:leader>04813cam a22004097i 4500</marc:leader>
        <marc:controlfield tag="001">20750444</marc:controlfield>
        <marc:controlfield tag="003">SE-LIBR</marc:controlfield>
        <marc:controlfield tag="005">20181017115038.0</marc:controlfield>
        <marc:controlfield tag="008">170426t20172017enka||||||||||001 0|eng|d</marc:controlfield>
        <marc:datafield tag="020" ind1=" " ind2=" ">
            <marc:subfield code="a">1474248616</marc:subfield>
            <marc:subfield code="q">(paperback)</marc:subfield>
        </marc:datafield>
        <marc:datafield tag="020" ind1=" " ind2=" ">
            <marc:subfield code="a">1474248624</marc:subfield>
            <marc:subfield code="q">(hardback)</marc:subfield>
        </marc:datafield>
        <marc:datafield tag="020" ind1=" " ind2=" ">
            <marc:subfield code="a">9781474248617</marc:subfield>
            <marc:subfield code="q">(paperback)</marc:subfield>
        </marc:datafield>
        <marc:datafield tag="020" ind1=" " ind2=" ">
            <marc:subfield code="a">9781474248624</marc:subfield>
            <marc:subfield code="q">(hardback)</marc:subfield>
        </marc:datafield>
        <marc:datafield tag="040" ind1=" " ind2=" ">
            <marc:subfield code="a">SRU</marc:subfield>
            <marc:subfield code="b">eng</marc:subfield>
            <marc:subfield code="c">SRU</marc:subfield>
            <marc:subfield code="d">YDXCP</marc:subfield>
            <marc:subfield code="d">BTCTA</marc:subfield>
            <marc:subfield code="d">BDX</marc:subfield>
            <marc:subfield code="d">YDX</marc:subfield>
            <marc:subfield code="d">ORX</marc:subfield>
            <marc:subfield code="d">OCLCF</marc:subfield>
            <marc:subfield code="d">Sbi</marc:subfield>
            <marc:subfield code="e">i</marc:subfield>
            <marc:subfield code="e">rda</marc:subfield>
        </marc:datafield>
        <marc:datafield tag="041" ind1=" " ind2=" ">
            <marc:subfield code="a">eng</marc:subfield>
        </marc:datafield>
        <marc:datafield tag="042" ind1=" " ind2=" ">
            <marc:subfield code="9">BULB</marc:subfield>
        </marc:datafield>
        <marc:datafield tag="050" ind1=" " ind2="4">
            <marc:subfield code="a">PN3433.6</marc:subfield>
            <marc:subfield code="b">.S34 2017</marc:subfield>
        </marc:datafield>
        <marc:datafield tag="082" ind1="0" ind2="4">
            <marc:subfield code="a">809.38762</marc:subfield>
            <marc:subfield code="2">23</marc:subfield>
        </marc:datafield>
        <marc:datafield tag="245" ind1="1" ind2="0">
            <marc:subfield code="a">Science fiction criticism :</marc:subfield>
            <marc:subfield code="b">an anthology of essential writings /</marc:subfield>
            <marc:subfield code="c">edited by Rob Latham.</marc:subfield>
        </marc:datafield>
        <marc:datafield tag="264" ind1=" " ind2="1">
            <marc:subfield code="a">London :</marc:subfield>
            <marc:subfield code="b">Bloomsbury Academic, an imprint of Bloomsbury Publishing,</marc:subfield>
            <marc:subfield code="c">[2017]</marc:subfield>
        </marc:datafield>
        <marc:datafield tag="264" ind1=" " ind2="4">
            <marc:subfield code="c">©2017</marc:subfield>
        </marc:datafield>
        <marc:datafield tag="300" ind1=" " ind2=" ">
            <marc:subfield code="a">vii, 1 unnumbered page, 582 pages</marc:subfield>
            <marc:subfield code="b">illustrations</marc:subfield>
            <marc:subfield code="c">25 cm</marc:subfield>
        </marc:datafield>
        <marc:datafield tag="336" ind1=" " ind2=" ">
            <marc:subfield code="a">text</marc:subfield>
            <marc:subfield code="b">txt</marc:subfield>
            <marc:subfield code="2">rdacontent</marc:subfield>
            <marc:subfield code="0">http://rdaregistry.info/termList/RDAContentType/1020</marc:subfield>
        </marc:datafield>
        <marc:datafield tag="337" ind1=" " ind2=" ">
            <marc:subfield code="a">unmediated</marc:subfield>
            <marc:subfield code="b">n</marc:subfield>
            <marc:subfield code="2">rdamedia</marc:subfield>
            <marc:subfield code="0">http://rdaregistry.info/termList/RDAMediaType/1007</marc:subfield>
        </marc:datafield>
        <marc:datafield tag="338" ind1=" " ind2=" ">
            <marc:subfield code="a">volume</marc:subfield>
            <marc:subfield code="b">nc</marc:subfield>
            <marc:subfield code="2">rdacarrier</marc:subfield>
            <marc:subfield code="0">http://rdaregistry.info/termList/RDACarrierType/1049</marc:subfield>
        </marc:datafield>
        <marc:datafield tag="340" ind1=" " ind2=" ">
            <marc:subfield code="b">25 cm</marc:subfield>
        </marc:datafield>
        <marc:datafield tag="504" ind1=" " ind2=" ">
            <marc:subfield code="a">Includes bibliographical references and index</marc:subfield>
        </marc:datafield>
        <marc:datafield tag="505" ind1="8" ind2=" ">
            <marc:subfield code="a">Part 1: Definitions and boundaries. Editorial: a new sort of magazine / Hugo Gernsback -- Preface to the scientific romances / H.G. Wells -- On the writing of speculative fiction / Robert A. Heinlein -- Wat do you mean science? fiction? / Judith Merril -- Preface to mirrorshades: the cyberpunk anthology / Bruce Sterling -- Cybernetic deconstructions: cyberpunk and postmodernism / Veronica Hollinger -- The many deaths of science fiction: a polemic / Roger Luckhurst -- On defining sf, or not: genre theory, sf, and history / John Rieder -- Part 2: Structure and form. Which way to inner space? / J.G. Ballard -- About 5,750 words / Samuel R. Delany -- On the poetics of the science fiction genre / Darko Suvin -- The absent paradigm: An introduction to the semiotics of science fiction / Marc Angenot -- Reading sf as a mega-text / Damien Broderick -- Time travel and the mechanics of narrative / David Wittenberg -- Part 3: Ideology and the world view. Mutation or death! / John B. Michel -- The imagination of disaster / Susan Sontag -- The image of women in science fiction / Joanna Russ -- Progress versus Utopia: or, can we imagine the future? / Fredric Jameson -- Science fiction and critical theory / Carl Freedman -- Alien cryptographies: the view from queer / Wendy Pearson -- The women history doesn't see: recovering midcentury women's sf as a literature of social critique / Lisa Yaszek -- Part 4: The nonhuman. Author's introduction to Frankenstein / Mary Shelley -- The android and the human / Philip K. Dick -- A cyborg manifesto: Science, technology, and socialist feminism in the late twentieth century / Donna Haraway -- Virtual bodies and flickering signifiers / N. Katherine Hayles -- The coming technological singularity: how to survive in a post-human era / Vernor Vinge -- Aliens in the fourth dimension / Gwyneth Jones -- Technofetishism and the uncanny desires of A.S.F.R. (alt.sex.fetish.robots) / Alison de Fren -- Animal alterity: Science fiction and human-animal studies / Sherryl Vint -- Part 5: Race and the legacy of colonialism. Science fiction and empire / Istvan Csicsery-Ronay, Jr. -- Further considerations on Afrofuturism / Kodwo Eshun -- Indigenous scientific literacies in Nalo Hopkinson's ceremonial worlds / Grace L. Dillon -- Biotic invasions: Ecological imperialism in new wave science fiction / Rob Latham -- Alien/Asian: Imagining the racialized future / Stephen Hong Sohn -- Report from Planet Midnight / Nalo Hopkinson -- Future histories and cyborg labor: reading borderlands science fiction after NAFTA / Lyssa Rivera.</marc:subfield>
        </marc:datafield>
        <marc:datafield tag="520" ind1=" " ind2=" ">
            <marc:subfield code="a">&quot;Including more than 30 essential works of science fiction criticism in a single volume, this is a comprehensive introduction to the study of this enduringly popular genre. Science fiction criticism: an anthology of essential writing covers such topics as: Definitions and boundaries of the genre, the many forms of science fiction, from time travel to&quot;inner space&quot;, ideology and identity: from utopian fantasy to feminist, queer and environmental readings, The non-human: androids, aliens, cyborgs, and animals, race and the legacy of colonialism&quot;--Cover page 4.</marc:subfield>
        </marc:datafield>
        <marc:datafield tag="650" ind1=" " ind2="0">
            <marc:subfield code="a">Criticism</marc:subfield>
        </marc:datafield>
        <marc:datafield tag="650" ind1=" " ind2="0">
            <marc:subfield code="a">Literature</marc:subfield>
            <marc:subfield code="x">Theory, etc.</marc:subfield>
        </marc:datafield>
        <marc:datafield tag="650" ind1=" " ind2="0">
            <marc:subfield code="a">Science fiction</marc:subfield>
        </marc:datafield>
        <marc:datafield tag="650" ind1=" " ind2="0">
            <marc:subfield code="a">Science fiction</marc:subfield>
            <marc:subfield code="x">History and criticism.</marc:subfield>
        </marc:datafield>
        <marc:datafield tag="650" ind1=" " ind2="7">
            <marc:subfield code="a">Litteraturkritik</marc:subfield>
            <marc:subfield code="0">https://id.kb.se/term/sao/Litteraturkritik</marc:subfield>
            <marc:subfield code="2">sao</marc:subfield>
        </marc:datafield>
        <marc:datafield tag="650" ind1=" " ind2="7">
            <marc:subfield code="a">Science fiction</marc:subfield>
            <marc:subfield code="0">https://id.kb.se/term/sao/Science%20fiction</marc:subfield>
            <marc:subfield code="2">sao</marc:subfield>
        </marc:datafield>
        <marc:datafield tag="650" ind1=" " ind2="7">
            <marc:subfield code="a">Science fiction</marc:subfield>
            <marc:subfield code="2">sbiao</marc:subfield>
        </marc:datafield>
        <marc:datafield tag="700" ind1="1" ind2=" ">
            <marc:subfield code="a">Latham, Rob</marc:subfield>
            <marc:subfield code="d">1959-</marc:subfield>
            <marc:subfield code="e">editor</marc:subfield>
            <marc:subfield code="4">edt</marc:subfield>
            <marc:subfield code="4">http://rdaregistry.info/Elements/m/object/P30267</marc:subfield>
            <marc:subfield code="1">http://example.org/person/lathamrob</marc:subfield>
        </marc:datafield>
    </marc:record>