
    <marc:record>
        <marc:leader>03086cam a22004337a 4500</marc:leader>
        <marc:controlfield tag="001">12095941</marc:controlfield>
        <marc:controlfield tag="003">SE-LIBR</marc:controlfield>
        <marc:controlfield tag="005">20160413203452.0</marc:controlfield>
        <marc:controlfield tag="008">110216s2010    xxk||||||6||||000 j|eng| </marc:controlfield>
        <marc:datafield tag="015" ind1=" " ind2=" ">
            <marc:subfield code="a">GBB073641</marc:subfield>
            <marc:subfield code="2">bnb</marc:subfield>
        </marc:datafield>
        <marc:datafield tag="016" ind1="7" ind2=" ">
            <marc:subfield code="a">015578907</marc:subfield>
            <marc:subfield code="2">Uk</marc:subfield>
        </marc:datafield>
        <marc:datafield tag="020" ind1=" " ind2=" ">
            <marc:subfield code="a">1902197291</marc:subfield>
            <marc:subfield code="q">(pbk.)</marc:subfield>
        </marc:datafield>
        <marc:datafield tag="020" ind1=" " ind2=" ">
            <marc:subfield code="a">9781902197296</marc:subfield>
            <marc:subfield code="q">(pbk.)</marc:subfield>
        </marc:datafield>
        <marc:datafield tag="040" ind1=" " ind2=" ">
            <marc:subfield code="a">UKM</marc:subfield>
            <marc:subfield code="b">eng</marc:subfield>
            <marc:subfield code="c">UKM</marc:subfield>
            <marc:subfield code="d">YDXCP</marc:subfield>
            <marc:subfield code="d">BTCTA</marc:subfield>
            <marc:subfield code="d">BDX</marc:subfield>
            <marc:subfield code="d">JBO</marc:subfield>
            <marc:subfield code="d">OCLCF</marc:subfield>
            <marc:subfield code="d">TEF</marc:subfield>
            <marc:subfield code="d">OCL</marc:subfield>
            <marc:subfield code="d">OCLCQ</marc:subfield>
            <marc:subfield code="d">Gbg</marc:subfield>
            <marc:subfield code="e">a</marc:subfield>
        </marc:datafield>
        <marc:datafield tag="041" ind1=" " ind2=" ">
            <marc:subfield code="a">eng</marc:subfield>
        </marc:datafield>
        <marc:datafield tag="050" ind1=" " ind2="4">
            <marc:subfield code="a">PS648.F3</marc:subfield>
            <marc:subfield code="b">S73 2010</marc:subfield>
        </marc:datafield>
        <marc:datafield tag="082" ind1="0" ind2="4">
            <marc:subfield code="a">813.0876608054</marc:subfield>
            <marc:subfield code="2">23</marc:subfield>
        </marc:datafield>
        <marc:datafield tag="084" ind1=" " ind2=" ">
            <marc:subfield code="a">He.016</marc:subfield>
            <marc:subfield code="2">kssb/8</marc:subfield>
        </marc:datafield>
        <marc:datafield tag="084" ind1=" " ind2=" ">
            <marc:subfield code="a">He.05</marc:subfield>
            <marc:subfield code="2">kssb/8</marc:subfield>
        </marc:datafield>
        <marc:datafield tag="245" ind1="0" ind2="4">
            <marc:subfield code="a">The starry wisdom :</marc:subfield>
            <marc:subfield code="b">[a tribute to H.P. Lovecraft] /</marc:subfield>
            <marc:subfield code="c">D.M. Mitchell (editor) ; Alan Moore, &amp; others.</marc:subfield>
        </marc:datafield>
        <marc:datafield tag="250" ind1=" " ind2=" ">
            <marc:subfield code="a">[New ed.].</marc:subfield>
        </marc:datafield>
        <marc:datafield tag="264" ind1=" " ind2="1">
            <marc:subfield code="a">[Telford] :</marc:subfield>
            <marc:subfield code="b">Creation Oneiros,</marc:subfield>
            <marc:subfield code="c">2010</marc:subfield>
        </marc:datafield>
        <marc:datafield tag="300" ind1=" " ind2=" ">
            <marc:subfield code="a">214 pages</marc:subfield>
            <marc:subfield code="b">illustrations</marc:subfield>
            <marc:subfield code="c">26 cm</marc:subfield>
        </marc:datafield>
        <marc:datafield tag="336" ind1=" " ind2=" ">
            <marc:subfield code="a">text</marc:subfield>
            <marc:subfield code="b">txt</marc:subfield>
            <marc:subfield code="2">rdacontent</marc:subfield>
            <marc:subfield code="0">http://rdaregistry.info/termList/RDAContentType/1020</marc:subfield>
        </marc:datafield>
        <marc:datafield tag="337" ind1=" " ind2=" ">
            <marc:subfield code="a">unmediated</marc:subfield>
            <marc:subfield code="b">n</marc:subfield>
            <marc:subfield code="2">rdamedia</marc:subfield>
            <marc:subfield code="0">http://rdaregistry.info/termList/RDAMediaType/1007</marc:subfield>
        </marc:datafield>
        <marc:datafield tag="338" ind1=" " ind2=" ">
            <marc:subfield code="a">volume</marc:subfield>
            <marc:subfield code="b">nc</marc:subfield>
            <marc:subfield code="2">rdacarrier</marc:subfield>
            <marc:subfield code="0">http://rdaregistry.info/termList/RDACarrierType/1049</marc:subfield>
        </marc:datafield>
        <marc:datafield tag="340" ind1=" " ind2=" ">
            <marc:subfield code="b">26 cm</marc:subfield>
        </marc:datafield>
        <marc:datafield tag="380" ind1=" " ind2=" ">
            <marc:subfield code="a">Comic or graphic novel</marc:subfield>
        </marc:datafield>
        <marc:datafield tag="380" ind1=" " ind2=" ">
            <marc:subfield code="a">Short story</marc:subfield>
        </marc:datafield>
        <marc:datafield tag="500" ind1=" " ind2=" ">
            <marc:subfield code="a">Previous edition: London: Creation Books, 1994.</marc:subfield>
        </marc:datafield>
        <marc:datafield tag="505" ind1="8" ind2=" ">
            <marc:subfield code="r">by Ramset Campbell --</marc:subfield>
            <marc:subfield code="g">Introduction /</marc:subfield>
            <marc:subfield code="g">Foreword /</marc:subfield>
            <marc:subfield code="t">Recognition /</marc:subfield>
            <marc:subfield code="r">by Alan Moore --</marc:subfield>
            <marc:subfield code="t">Lovecraft in heaven /</marc:subfield>
            <marc:subfield code="r">by Grant Morrison --</marc:subfield>
            <marc:subfield code="t">Extracted from the mouth of the consumer, rotting pig /</marc:subfield>
            <marc:subfield code="r">by Michael Gira --</marc:subfield>
            <marc:subfield code="t">Wind die you die we die /</marc:subfield>
            <marc:subfield code="r">by William S. Burroughs --</marc:subfield>
            <marc:subfield code="t">The night sea-maid went down /</marc:subfield>
            <marc:subfield code="r">by Brian Lumley --</marc:subfield>
            <marc:subfield code="t">A thousand young /</marc:subfield>
            <marc:subfield code="r">by Robert M. Price --</marc:subfield>
            <marc:subfield code="t">Hypothetical materfamilias /</marc:subfield>
            <marc:subfield code="r">by Adele Olivia Gladwell --</marc:subfield>
            <marc:subfield code="t">Teenage timberwolves: black dead bones of idiot Bill /</marc:subfield>
            <marc:subfield code="r">by James Havoc &amp; Daniele Serra --</marc:subfield>
            <marc:subfield code="t">Prisioner of the coral deep /</marc:subfield>
            <marc:subfield code="r">by J.G. Ballard --</marc:subfield>
            <marc:subfield code="t">Black static /</marc:subfield>
            <marc:subfield code="r">by David Conway --</marc:subfield>
            <marc:subfield code="t">Potential /</marc:subfield>
            <marc:subfield code="r">by Ramsey Campbell --</marc:subfield>
            <marc:subfield code="t">Walpurgisnachtmusik /</marc:subfield>
            <marc:subfield code="r">by Simon Whitechapel --</marc:subfield>
            <marc:subfield code="t">This exquisite corpse /</marc:subfield>
            <marc:subfield code="r">by C.G. Brandrick &amp; D.M. Mitchell --</marc:subfield>
            <marc:subfield code="t">The call of Cthulhu /</marc:subfield>
            <marc:subfield code="r">by John Coulthart &amp; H.P. Lovecraft --</marc:subfield>
            <marc:subfield code="t">The courtyard /</marc:subfield>
            <marc:subfield code="r">by Alan Moore --</marc:subfield>
            <marc:subfield code="t">From this swamp /</marc:subfield>
            <marc:subfield code="r">by Henry Wessells --</marc:subfield>
            <marc:subfield code="t">Red mass /</marc:subfield>
            <marc:subfield code="r">by Dan Kellett --</marc:subfield>
            <marc:subfield code="t">Meltdown /</marc:subfield>
            <marc:subfield code="r">by D.F. Lewis --</marc:subfield>
            <marc:subfield code="t">The sound of a door opening /</marc:subfield>
            <marc:subfield code="r">by Don Webb --</marc:subfield>
            <marc:subfield code="t">Beyond reflection /</marc:subfield>
            <marc:subfield code="r">by John Beal --</marc:subfield>
            <marc:subfield code="t">The dreamers in darkness /</marc:subfield>
            <marc:subfield code="r">by Peter Smith --</marc:subfield>
            <marc:subfield code="t">Sex-invocation of the great old ones (23 nails) /</marc:subfield>
            <marc:subfield code="r">by Stephen Sennitt --</marc:subfield>
            <marc:subfield code="t">Zaman's hill /</marc:subfield>
            <marc:subfield code="r">by Alan Moore --</marc:subfield>
            <marc:subfield code="t">Ward 23 /</marc:subfield>
            <marc:subfield code="r">by D.M. Mitchell --</marc:subfield>
            <marc:subfield code="t">Cthulhu madness /</marc:subfield>
            <marc:subfield code="r">by Phil Hine --</marc:subfield>
            <marc:subfield code="t">Reluctant prophet /</marc:subfield>
            <marc:subfield code="r">by Stephen Sennitt --</marc:subfield>
            <marc:subfield code="t">Fractals, stars and nyarlathotep /</marc:subfield>
            <marc:subfield code="r">by John Beal.</marc:subfield>
        </marc:datafield>
        <marc:datafield tag="600" ind1="1" ind2=" ">
            <marc:subfield code="a">Lovecraft, H. P.</marc:subfield>
            <marc:subfield code="q">(Howard Phillips)</marc:subfield>
            <marc:subfield code="d">1890-1937.</marc:subfield>
            <marc:subfield code="1">Lovecraft, H. P.</marc:subfield>
        </marc:datafield>
        <marc:datafield tag="650" ind1=" " ind2="0">
            <marc:subfield code="a">Fantasy fiction, American.</marc:subfield>
        </marc:datafield>
        <marc:datafield tag="650" ind1=" " ind2="0">
            <marc:subfield code="a">Fantasy fiction, English.</marc:subfield>
        </marc:datafield>
        <marc:datafield tag="650" ind1=" " ind2="0">
            <marc:subfield code="a">Short stories, American.</marc:subfield>
        </marc:datafield>
        <marc:datafield tag="650" ind1=" " ind2="0">
            <marc:subfield code="a">Short stories, English.</marc:subfield>
        </marc:datafield>
        <marc:datafield tag="655" ind1=" " ind2="7">
            <marc:subfield code="a">Noveller</marc:subfield>
            <marc:subfield code="0">https://id.kb.se/term/saogf/Noveller</marc:subfield>
            <marc:subfield code="2">saogf</marc:subfield>
        </marc:datafield>
        <marc:datafield tag="655" ind1=" " ind2="7">
            <marc:subfield code="a">Tecknade serier</marc:subfield>
            <marc:subfield code="0">https://id.kb.se/term/saogf/Tecknade%20serier</marc:subfield>
            <marc:subfield code="2">saogf</marc:subfield>
        </marc:datafield>
        <marc:datafield tag="700" ind1="1" ind2=" ">
            <marc:subfield code="a">Mitchell, D. M.</marc:subfield>
            <marc:subfield code="4">edt</marc:subfield>
            <marc:subfield code="4">edc</marc:subfield>
            <marc:subfield code="4">http://rdaregistry.info/Elements/m/object/P30267</marc:subfield>
            <marc:subfield code="1">http://example.org/person/mitchelldm</marc:subfield>
        </marc:datafield>
    </marc:record>