
    <marc:record>
        <marc:leader>01268nam a2200289   4500</marc:leader>
        <marc:controlfield tag="001">bimo0001544524</marc:controlfield>
        <marc:controlfield tag="003">SpMaBN</marc:controlfield>
        <marc:controlfield tag="005">20200515015429.6</marc:controlfield>
        <marc:controlfield tag="008">000605s2000    sp |          ||| ||spa  </marc:controlfield>
        <marc:datafield tag="016" ind1="7" ind2=" ">
            <marc:subfield code="a">bimoBNE20001262517</marc:subfield>
            <marc:subfield code="2">SpMaBN</marc:subfield>
        </marc:datafield>
        <marc:datafield tag="017" ind1=" " ind2=" ">
            <marc:subfield code="a">B 4513-2000</marc:subfield>
            <marc:subfield code="b">Oficina Depósito Legal Barcelona</marc:subfield>
        </marc:datafield>
        <marc:datafield tag="020" ind1=" " ind2=" ">
            <marc:subfield code="a">84-450-7005-3</marc:subfield>
        </marc:datafield>
        <marc:datafield tag="040" ind1=" " ind2=" ">
            <marc:subfield code="a">SpMaBN</marc:subfield>
            <marc:subfield code="b">spa</marc:subfield>
            <marc:subfield code="c">SpMaBN</marc:subfield>
            <marc:subfield code="e">rdc</marc:subfield>
        </marc:datafield>
        <marc:datafield tag="041" ind1="1" ind2=" ">
            <marc:subfield code="a">spa</marc:subfield>
            <marc:subfield code="h">eng</marc:subfield>
        </marc:datafield>
        <marc:datafield tag="080" ind1=" " ind2=" ">
            <marc:subfield code="a">821.111-31&quot;19&quot;</marc:subfield>
        </marc:datafield>
        <marc:datafield tag="100" ind1="1" ind2=" ">
            <marc:subfield code="a">Ballard, J. G.</marc:subfield>
            <marc:subfield code="d">1930-2009</marc:subfield>
            <marc:subfield code="0">XX1721261</marc:subfield>
            <marc:subfield code="1">http://viaf.org/viaf/9842556</marc:subfield>
            <marc:subfield code="4">http://rdaregistry.info/Elements/w/object/P10061</marc:subfield>
        </marc:datafield>
        <marc:datafield tag="240" ind1="1" ind2="4">
            <marc:subfield code="a">The drought</marc:subfield>
            <marc:subfield code="l">Español</marc:subfield>
            <marc:subfield code="1">http://viaf.org/viaf/308000706</marc:subfield>
        </marc:datafield>
        <marc:datafield tag="245" ind1="1" ind2="3">
            <marc:subfield code="a">La sequía</marc:subfield>
            <marc:subfield code="h">[Texto impreso]</marc:subfield>
            <marc:subfield code="c">J.G. Ballard ; [traducción de Luis Domènech]</marc:subfield>
        </marc:datafield>
        <marc:datafield tag="250" ind1=" " ind2=" ">
            <marc:subfield code="a">1ª ed. en bolsillo</marc:subfield>
        </marc:datafield>
        <marc:datafield tag="260" ind1=" " ind2=" ">
            <marc:subfield code="a">Barcelona</marc:subfield>
            <marc:subfield code="b">Minotauro</marc:subfield>
            <marc:subfield code="c">2000</marc:subfield>
        </marc:datafield>
        <marc:datafield tag="300" ind1=" " ind2=" ">
            <marc:subfield code="a">275 pages</marc:subfield>
            <marc:subfield code="c">20 cm</marc:subfield>
        </marc:datafield>
        <marc:datafield tag="336" ind1=" " ind2=" ">
            <marc:subfield code="a">tekst</marc:subfield>
            <marc:subfield code="0">http://rdaregistry.info/termList/RDAContentType/1020</marc:subfield>
        </marc:datafield>
        <marc:datafield tag="337" ind1=" " ind2=" ">
            <marc:subfield code="a">uformidlet</marc:subfield>
            <marc:subfield code="0">http://rdaregistry.info/termList/RDAMediaType/1007</marc:subfield>
        </marc:datafield>
        <marc:datafield tag="338" ind1=" " ind2=" ">
            <marc:subfield code="a">bind</marc:subfield>
            <marc:subfield code="0">http://rdaregistry.info/termList/RDACarrierType/1049</marc:subfield>
        </marc:datafield>
        <marc:datafield tag="380" ind1=" " ind2=" ">
            <marc:subfield code="a">Språkbasert verk</marc:subfield>
            <marc:subfield code="1">https://schema.nb.no/Bibliographic/Values/V1000</marc:subfield>
        </marc:datafield>
        <marc:datafield tag="594" ind1=" " ind2=" ">
            <marc:subfield code="a">Traducción de: The drought</marc:subfield>
        </marc:datafield>
        <marc:datafield tag="700" ind1="1" ind2=" ">
            <marc:subfield code="a">Domènech, Luis</marc:subfield>
            <marc:subfield code="4">trl</marc:subfield>
            <marc:subfield code="1">http://viaf.org/viaf/2296633</marc:subfield>
            <marc:subfield code="4">http://rdaregistry.info/Elements/e/object/P20037</marc:subfield>
        </marc:datafield>
    </marc:record>