
    <marc:record>
        <marc:leader>03312pam a2200589 c 4500</marc:leader>
        <marc:controlfield tag="001">981025323</marc:controlfield>
        <marc:controlfield tag="003">DE-101</marc:controlfield>
        <marc:controlfield tag="005">20171202004838.0</marc:controlfield>
        <marc:controlfield tag="007">tu</marc:controlfield>
        <marc:controlfield tag="008">060828s2006    gw ||||| m||| 00||||eng  </marc:controlfield>
        <marc:datafield tag="015" ind1=" " ind2=" ">
            <marc:subfield code="a">06,A47,1832</marc:subfield>
            <marc:subfield code="z">06,N38,1112</marc:subfield>
            <marc:subfield code="2">dnb</marc:subfield>
        </marc:datafield>
        <marc:datafield tag="016" ind1="7" ind2=" ">
            <marc:subfield code="2">DE-101</marc:subfield>
            <marc:subfield code="a">981025323</marc:subfield>
        </marc:datafield>
        <marc:datafield tag="020" ind1=" " ind2=" ">
            <marc:subfield code="a">3825351459</marc:subfield>
            <marc:subfield code="c">Pp. : EUR 55.00</marc:subfield>
            <marc:subfield code="9">3-8253-5145-9</marc:subfield>
        </marc:datafield>
        <marc:datafield tag="020" ind1=" " ind2=" ">
            <marc:subfield code="a">9783825351458</marc:subfield>
            <marc:subfield code="c">Pp. : EUR 55.00</marc:subfield>
            <marc:subfield code="9">978-3-8253-5145-8</marc:subfield>
        </marc:datafield>
        <marc:datafield tag="024" ind1="3" ind2=" ">
            <marc:subfield code="a">9783825351458</marc:subfield>
        </marc:datafield>
        <marc:datafield tag="040" ind1=" " ind2=" ">
            <marc:subfield code="a">1245</marc:subfield>
            <marc:subfield code="b">ger</marc:subfield>
            <marc:subfield code="c">DE-101</marc:subfield>
            <marc:subfield code="d">9999</marc:subfield>
        </marc:datafield>
        <marc:datafield tag="041" ind1=" " ind2=" ">
            <marc:subfield code="a">eng</marc:subfield>
        </marc:datafield>
        <marc:datafield tag="044" ind1=" " ind2=" ">
            <marc:subfield code="c">XA-DE-BW</marc:subfield>
        </marc:datafield>
        <marc:datafield tag="082" ind1="7" ind2="4">
            <marc:subfield code="a">820</marc:subfield>
            <marc:subfield code="q">DE-101</marc:subfield>
            <marc:subfield code="2">22sdnb</marc:subfield>
        </marc:datafield>
        <marc:datafield tag="090" ind1=" " ind2=" ">
            <marc:subfield code="a">b</marc:subfield>
        </marc:datafield>
        <marc:datafield tag="100" ind1="1" ind2=" ">
            <marc:subfield code="0">(DE-588)132167913</marc:subfield>
            <marc:subfield code="0">https://d-nb.info/gnd/132167913</marc:subfield>
            <marc:subfield code="a">Ditze, Stephan-Alexander</marc:subfield>
            <marc:subfield code="1">http://viaf.org/viaf/15923842</marc:subfield>
            <marc:subfield code="4">http://rdaregistry.info/Elements/w/object/P10061</marc:subfield>
        </marc:datafield>
        <marc:datafield tag="240" ind1=" " ind2=" ">
            <marc:subfield code="a">America and the Americans in postwar British fiction</marc:subfield>
            <marc:subfield code="1">http://viaf.org/viaf/15923842/americaandtheamericans</marc:subfield>
        </marc:datafield>
        <marc:datafield tag="245" ind1="1" ind2="0">
            <marc:subfield code="a">America and the Americans in postwar British fiction</marc:subfield>
            <marc:subfield code="b">an imagological study of selected novels</marc:subfield>
            <marc:subfield code="c">Stephan-Alexander Ditze</marc:subfield>
        </marc:datafield>
        <marc:datafield tag="264" ind1=" " ind2="1">
            <marc:subfield code="a">Heidelberg</marc:subfield>
            <marc:subfield code="b">Winter</marc:subfield>
            <marc:subfield code="c">2006</marc:subfield>
        </marc:datafield>
        <marc:datafield tag="300" ind1=" " ind2=" ">
            <marc:subfield code="a">XIII, 368 S.</marc:subfield>
            <marc:subfield code="c">22 cm</marc:subfield>
        </marc:datafield>
        <marc:datafield tag="336" ind1=" " ind2=" ">
            <marc:subfield code="a">tekst</marc:subfield>
            <marc:subfield code="0">http://rdaregistry.info/termList/RDAContentType/1020</marc:subfield>
        </marc:datafield>
        <marc:datafield tag="337" ind1=" " ind2=" ">
            <marc:subfield code="a">uformidlet</marc:subfield>
            <marc:subfield code="0">http://rdaregistry.info/termList/RDAMediaType/1007</marc:subfield>
        </marc:datafield>
        <marc:datafield tag="338" ind1=" " ind2=" ">
            <marc:subfield code="a">bind</marc:subfield>
            <marc:subfield code="0">http://rdaregistry.info/termList/RDACarrierType/1049</marc:subfield>
        </marc:datafield>
        <marc:datafield tag="380" ind1=" " ind2=" ">
            <marc:subfield code="a">Språkbasert verk</marc:subfield>
            <marc:subfield code="1">https://schema.nb.no/Bibliographic/Values/V1000</marc:subfield>
        </marc:datafield>
        <marc:datafield tag="490" ind1="1" ind2=" ">
            <marc:subfield code="a">American studies</marc:subfield>
            <marc:subfield code="v">Vol. 138</marc:subfield>
        </marc:datafield>
        <marc:datafield tag="502" ind1=" " ind2=" ">
            <marc:subfield code="a">Zugl.: Vechta, Hochsch., Diss., 2004</marc:subfield>
        </marc:datafield>
        <marc:datafield tag="600" ind1="1" ind2="7">
            <marc:subfield code="0">(DE-588)4390644-8</marc:subfield>
            <marc:subfield code="0">https://d-nb.info/gnd/4390644-8</marc:subfield>
            <marc:subfield code="0">(DE-101)945949308</marc:subfield>
            <marc:subfield code="a">Lodge, David</marc:subfield>
            <marc:subfield code="d">1935-</marc:subfield>
            <marc:subfield code="t">Changing places</marc:subfield>
            <marc:subfield code="9">rswk-swf</marc:subfield>
            <marc:subfield code="2">gnd</marc:subfield>
            <marc:subfield code="1">http://viaf.org/viaf/190447471</marc:subfield>
        </marc:datafield>
        <marc:datafield tag="600" ind1="1" ind2="7">
            <marc:subfield code="0">(DE-588)4575212-6</marc:subfield>
            <marc:subfield code="0">https://d-nb.info/gnd/4575212-6</marc:subfield>
            <marc:subfield code="0">(DE-101)958195757</marc:subfield>
            <marc:subfield code="a">Waugh, Evelyn</marc:subfield>
            <marc:subfield code="d">1903-1966</marc:subfield>
            <marc:subfield code="t">The loved one</marc:subfield>
            <marc:subfield code="9">rswk-swf</marc:subfield>
            <marc:subfield code="2">gnd</marc:subfield>
            <marc:subfield code="1">http://viaf.org/viaf/181821021</marc:subfield>
        </marc:datafield>
        <marc:datafield tag="600" ind1="1" ind2="7">
            <marc:subfield code="0">(DE-588)4678069-5</marc:subfield>
            <marc:subfield code="0">https://d-nb.info/gnd/4678069-5</marc:subfield>
            <marc:subfield code="0">(DE-101)964019140</marc:subfield>
            <marc:subfield code="a">Greene, Graham</marc:subfield>
            <marc:subfield code="d">1904-1991</marc:subfield>
            <marc:subfield code="t">The quiet American</marc:subfield>
            <marc:subfield code="9">rswk-swf</marc:subfield>
            <marc:subfield code="2">gnd</marc:subfield>
            <marc:subfield code="1">http://viaf.org/viaf/313335324</marc:subfield>
        </marc:datafield>
        <marc:datafield tag="600" ind1="1" ind2="7">
            <marc:subfield code="0">(DE-588)7546757-4</marc:subfield>
            <marc:subfield code="0">https://d-nb.info/gnd/7546757-4</marc:subfield>
            <marc:subfield code="0">(DE-101)981604684</marc:subfield>
            <marc:subfield code="a">Amis, Kingsley</marc:subfield>
            <marc:subfield code="d">1922-1995</marc:subfield>
            <marc:subfield code="t">One fat englishman</marc:subfield>
            <marc:subfield code="9">rswk-swf</marc:subfield>
            <marc:subfield code="2">gnd</marc:subfield>
            <marc:subfield code="1">http://viaf.org/viaf/311112707</marc:subfield>
        </marc:datafield>
        <marc:datafield tag="600" ind1="1" ind2="7">
            <marc:subfield code="0">(DE-588)7546759-8</marc:subfield>
            <marc:subfield code="0">https://d-nb.info/gnd/7546759-8</marc:subfield>
            <marc:subfield code="0">(DE-101)98160482X</marc:subfield>
            <marc:subfield code="a">Ballard, J. G.</marc:subfield>
            <marc:subfield code="d">1930-2009</marc:subfield>
            <marc:subfield code="t">Hello America</marc:subfield>
            <marc:subfield code="9">rswk-swf</marc:subfield>
            <marc:subfield code="2">gnd</marc:subfield>
            <marc:subfield code="1">http://viaf.org/viaf/202977755</marc:subfield>
        </marc:datafield>
        <marc:datafield tag="653" ind1=" " ind2=" ">
            <marc:subfield code="a">(VLB-FS)Amerikabild, britisches</marc:subfield>
        </marc:datafield>
        <marc:datafield tag="653" ind1=" " ind2=" ">
            <marc:subfield code="a">(VLB-FS)Amis, Kingsley</marc:subfield>
        </marc:datafield>
        <marc:datafield tag="653" ind1=" " ind2=" ">
            <marc:subfield code="a">(VLB-FS)Ballard, J. G.</marc:subfield>
        </marc:datafield>
        <marc:datafield tag="653" ind1=" " ind2=" ">
            <marc:subfield code="a">(VLB-FS)Greene, Graham</marc:subfield>
        </marc:datafield>
        <marc:datafield tag="653" ind1=" " ind2=" ">
            <marc:subfield code="a">(VLB-FS)Imagologie</marc:subfield>
        </marc:datafield>
        <marc:datafield tag="653" ind1=" " ind2=" ">
            <marc:subfield code="a">(VLB-FS)Lodge, David</marc:subfield>
        </marc:datafield>
        <marc:datafield tag="653" ind1=" " ind2=" ">
            <marc:subfield code="a">(VLB-FS)Nachkriegsroman, britischer</marc:subfield>
        </marc:datafield>
        <marc:datafield tag="653" ind1=" " ind2=" ">
            <marc:subfield code="a">(VLB-FS)Stereotypenforschung</marc:subfield>
        </marc:datafield>
        <marc:datafield tag="653" ind1=" " ind2=" ">
            <marc:subfield code="a">(VLB-FS)Waugh, Evelyn</marc:subfield>
        </marc:datafield>
        <marc:datafield tag="653" ind1=" " ind2=" ">
            <marc:subfield code="a">(VLB-PF)BB: Gebunden</marc:subfield>
        </marc:datafield>
        <marc:datafield tag="653" ind1=" " ind2=" ">
            <marc:subfield code="a">(VLB-WG)574: Literaturwissenschaft / Englische Literaturwissenschaft</marc:subfield>
        </marc:datafield>
        <marc:datafield tag="653" ind1=" " ind2=" ">
            <marc:subfield code="a">(VLB-WI)1: Hardcover, Softcover, Karte</marc:subfield>
        </marc:datafield>
        <marc:datafield tag="655" ind1=" " ind2="7">
            <marc:subfield code="0">(DE-588)4113937-9</marc:subfield>
            <marc:subfield code="0">https://d-nb.info/gnd/4113937-9</marc:subfield>
            <marc:subfield code="0">(DE-101)041139372</marc:subfield>
            <marc:subfield code="a">Hochschulschrift</marc:subfield>
            <marc:subfield code="2">gnd-content</marc:subfield>
        </marc:datafield>
        <marc:datafield tag="830" ind1=" " ind2="0">
            <marc:subfield code="a">American studies</marc:subfield>
            <marc:subfield code="v">Vol. 138</marc:subfield>
            <marc:subfield code="w">(DE-101)014011670</marc:subfield>
            <marc:subfield code="w">(DE-600)740217-X</marc:subfield>
            <marc:subfield code="9">3138</marc:subfield>
            <marc:subfield code="7">as</marc:subfield>
        </marc:datafield>
        <marc:datafield tag="856" ind1="4" ind2="2">
            <marc:subfield code="m">V:DE-603</marc:subfield>
            <marc:subfield code="q">application/pdf</marc:subfield>
            <marc:subfield code="u">https://d-nb.info/981025323/04</marc:subfield>
            <marc:subfield code="3">Inhaltsverzeichnis</marc:subfield>
        </marc:datafield>
        <marc:datafield tag="856" ind1="4" ind2="2">
            <marc:subfield code="m">X:MVB</marc:subfield>
            <marc:subfield code="q">text/html</marc:subfield>
            <marc:subfield code="u">http://deposit.dnb.de/cgi-bin/dokserv?id=2849617&amp;prov=M&amp;dok_var=1&amp;dok_ext=htm</marc:subfield>
            <marc:subfield code="3">Inhaltstext</marc:subfield>
        </marc:datafield>
    </marc:record>