
    <marc:record>
        <marc:leader>01192cim a22002894i 4500</marc:leader>
        <marc:controlfield tag="001">010011641</marc:controlfield>
        <marc:controlfield tag="003">FI-MELINDA</marc:controlfield>
        <marc:controlfield tag="005">20210129190916.0</marc:controlfield>
        <marc:controlfield tag="007">sd||||||||m||d</marc:controlfield>
        <marc:controlfield tag="008">071107s2007    xxk||||| |||| ||||||eng|c</marc:controlfield>
        <marc:datafield tag="020" ind1=" " ind2=" ">
            <marc:subfield code="a">978-1-4056-8978-6</marc:subfield>
        </marc:datafield>
        <marc:datafield tag="028" ind1="0" ind2="1">
            <marc:subfield code="b">BBC Audiobooks</marc:subfield>
            <marc:subfield code="a">CCD1123</marc:subfield>
        </marc:datafield>
        <marc:datafield tag="041" ind1="0" ind2=" ">
            <marc:subfield code="a">eng</marc:subfield>
        </marc:datafield>
        <marc:datafield tag="084" ind1=" " ind2=" ">
            <marc:subfield code="a">84.5</marc:subfield>
            <marc:subfield code="2">ykl</marc:subfield>
        </marc:datafield>
        <marc:datafield tag="100" ind1="1" ind2=" ">
            <marc:subfield code="a">Ballard, J. G.</marc:subfield>
            <marc:subfield code="1">http://viaf.org/viaf/9842556</marc:subfield>
            <marc:subfield code="4">http://rdaregistry.info/Elements/w/object/P10061</marc:subfield>
        </marc:datafield>
        <marc:datafield tag="240" ind1="1" ind2="0">
            <marc:subfield code="a">Kingdom Come</marc:subfield>
            <marc:subfield code="1">http://viaf.org/viaf/3952163159958701640003</marc:subfield>
        </marc:datafield>
        <marc:datafield tag="245" ind1="1" ind2="0">
            <marc:subfield code="a">Kingdom come /</marc:subfield>
            <marc:subfield code="c">J. G. Ballard.</marc:subfield>
        </marc:datafield>
        <marc:datafield tag="260" ind1=" " ind2=" ">
            <marc:subfield code="a">Bath :</marc:subfield>
            <marc:subfield code="b">BBC Audiobooks,</marc:subfield>
            <marc:subfield code="c">p2007.</marc:subfield>
        </marc:datafield>
        <marc:datafield tag="300" ind1=" " ind2=" ">
            <marc:subfield code="a">8 CD-äänilevyä (9 h 16 min)</marc:subfield>
        </marc:datafield>
        <marc:datafield tag="336" ind1=" " ind2=" ">
            <marc:subfield code="a">tale</marc:subfield>
            <marc:subfield code="0">http://rdaregistry.info/termList/RDAContentType/1013</marc:subfield>
        </marc:datafield>
        <marc:datafield tag="337" ind1=" " ind2=" ">
            <marc:subfield code="a">lydmedier</marc:subfield>
            <marc:subfield code="0">http://rdaregistry.info/termList/RDAMediaType/1001</marc:subfield>
        </marc:datafield>
        <marc:datafield tag="338" ind1=" " ind2=" ">
            <marc:subfield code="a">dataplate</marc:subfield>
            <marc:subfield code="0">http://rdaregistry.info/termList/RDACarrierType/1013</marc:subfield>
        </marc:datafield>
        <marc:datafield tag="344" ind1=" " ind2=" ">
            <marc:subfield code="a">digital</marc:subfield>
            <marc:subfield code="2">rda</marc:subfield>
        </marc:datafield>
        <marc:datafield tag="347" ind1=" " ind2=" ">
            <marc:subfield code="a">audio file</marc:subfield>
            <marc:subfield code="b">CD audio</marc:subfield>
            <marc:subfield code="2">rda</marc:subfield>
        </marc:datafield>
        <marc:datafield tag="380" ind1=" " ind2=" ">
            <marc:subfield code="a">Språkbasert verk</marc:subfield>
            <marc:subfield code="1">https://schema.nb.no/Bibliographic/Values/V1000</marc:subfield>
        </marc:datafield>
        <marc:datafield tag="511" ind1="0" ind2=" ">
            <marc:subfield code="a">Read by David Rintoul.</marc:subfield>
        </marc:datafield>
        <marc:datafield tag="700" ind1="1" ind2=" ">
            <marc:subfield code="a">Rintoul, David</marc:subfield>
            <marc:subfield code="e">esittäjä.</marc:subfield>
            <marc:subfield code="4">nrt</marc:subfield>
            <marc:subfield code="4">http://rdaregistry.info/Elements/e/object/P20022</marc:subfield>
            <marc:subfield code="1">http://example.org/person/rintouldavid</marc:subfield>
        </marc:datafield>
    </marc:record>