
    <marc:record>
        <marc:leader>03003aam a22005291i 4500</marc:leader>
        <marc:controlfield tag="001">019934373</marc:controlfield>
        <marc:controlfield tag="003">Uk</marc:controlfield>
        <marc:controlfield tag="005">20200928170051.0</marc:controlfield>
        <marc:controlfield tag="006">m    ||  d |      </marc:controlfield>
        <marc:controlfield tag="007">cr |||||||||||</marc:controlfield>
        <marc:controlfield tag="008">200911s2019    xxk||||fo    |||| ||eng  </marc:controlfield>
        <marc:datafield tag="015" ind1=" " ind2=" ">
            <marc:subfield code="a">GBC0E5781</marc:subfield>
            <marc:subfield code="2">bnb</marc:subfield>
        </marc:datafield>
        <marc:datafield tag="020" ind1=" " ind2=" ">
            <marc:subfield code="a">1838715169</marc:subfield>
            <marc:subfield code="q">Electronic book (EPUB format)</marc:subfield>
        </marc:datafield>
        <marc:datafield tag="020" ind1=" " ind2=" ">
            <marc:subfield code="a">9781838715168</marc:subfield>
            <marc:subfield code="q">Electronic book (EPUB format)</marc:subfield>
        </marc:datafield>
        <marc:datafield tag="020" ind1=" " ind2=" ">
            <marc:subfield code="z">9780851707198</marc:subfield>
            <marc:subfield code="q">print</marc:subfield>
        </marc:datafield>
        <marc:datafield tag="037" ind1=" " ind2=" ">
            <marc:subfield code="a">9781838715168</marc:subfield>
            <marc:subfield code="b">codeMantra</marc:subfield>
        </marc:datafield>
        <marc:datafield tag="040" ind1=" " ind2=" ">
            <marc:subfield code="a">Uk</marc:subfield>
            <marc:subfield code="b">eng</marc:subfield>
            <marc:subfield code="c">Uk</marc:subfield>
        </marc:datafield>
        <marc:datafield tag="042" ind1=" " ind2=" ">
            <marc:subfield code="a">ukblsr</marc:subfield>
        </marc:datafield>
        <marc:datafield tag="082" ind1="0" ind2="4">
            <marc:subfield code="a">791.4372</marc:subfield>
            <marc:subfield code="2">21</marc:subfield>
        </marc:datafield>
        <marc:datafield tag="100" ind1="1" ind2=" ">
            <marc:subfield code="a">Sinclair, Iain</marc:subfield>
            <marc:subfield code="1">http://viaf.org/viaf/37065843</marc:subfield>
            <marc:subfield code="4">http://rdaregistry.info/Elements/w/object/P10061</marc:subfield>
        </marc:datafield>
        <marc:datafield tag="240" ind1="1" ind2="0">
            <marc:subfield code="a">Crash : David Cronenberg's Post-mortem on J. G. Ballard's Trajectory of fate</marc:subfield>
            <marc:subfield code="1">http://viaf.org/viaf/37065843/crash</marc:subfield>
        </marc:datafield>
        <marc:datafield tag="245" ind1="1" ind2="0">
            <marc:subfield code="a">Crash :</marc:subfield>
            <marc:subfield code="b">David Cronenberg's post-mortem on J.G. Ballard's 'Trajectory of fate' /</marc:subfield>
            <marc:subfield code="c">Iain Sinclair.</marc:subfield>
        </marc:datafield>
        <marc:datafield tag="264" ind1=" " ind2="1">
            <marc:subfield code="a">London :</marc:subfield>
            <marc:subfield code="b">British Film Institute,</marc:subfield>
            <marc:subfield code="c">2019.</marc:subfield>
        </marc:datafield>
        <marc:datafield tag="300" ind1=" " ind2=" ">
            <marc:subfield code="a">1 online resource (112 pages).</marc:subfield>
        </marc:datafield>
        <marc:datafield tag="336" ind1=" " ind2=" ">
            <marc:subfield code="a">tekst</marc:subfield>
            <marc:subfield code="0">http://rdaregistry.info/termList/RDAContentType/1020</marc:subfield>
        </marc:datafield>
        <marc:datafield tag="336" ind1=" " ind2=" ">
            <marc:subfield code="a">text</marc:subfield>
            <marc:subfield code="2">rdacontent</marc:subfield>
            <marc:subfield code="0">http://rdaregistry.info/termList/RDAContentType/1020</marc:subfield>
        </marc:datafield>
        <marc:datafield tag="337" ind1=" " ind2=" ">
            <marc:subfield code="a">computer</marc:subfield>
            <marc:subfield code="2">rdamedia</marc:subfield>
            <marc:subfield code="0">http://rdaregistry.info/termList/RDAMediaType/1003</marc:subfield>
        </marc:datafield>
        <marc:datafield tag="337" ind1=" " ind2=" ">
            <marc:subfield code="a">datamaskin</marc:subfield>
            <marc:subfield code="0">http://rdaregistry.info/termList/RDAMediaType/1003</marc:subfield>
        </marc:datafield>
        <marc:datafield tag="338" ind1=" " ind2=" ">
            <marc:subfield code="a">online resource</marc:subfield>
            <marc:subfield code="2">rdacarrier</marc:subfield>
            <marc:subfield code="0">http://rdaregistry.info/termList/RDACarrierType/1018</marc:subfield>
        </marc:datafield>
        <marc:datafield tag="338" ind1=" " ind2=" ">
            <marc:subfield code="a">online ressurs</marc:subfield>
            <marc:subfield code="0">http://rdaregistry.info/termList/RDACarrierType/1018</marc:subfield>
        </marc:datafield>
        <marc:datafield tag="347" ind1=" " ind2=" ">
            <marc:subfield code="a">data file</marc:subfield>
            <marc:subfield code="2">rda</marc:subfield>
        </marc:datafield>
        <marc:datafield tag="380" ind1=" " ind2=" ">
            <marc:subfield code="a">Språkbasert verk</marc:subfield>
            <marc:subfield code="1">https://schema.nb.no/Bibliographic/Values/V1000</marc:subfield>
        </marc:datafield>
        <marc:datafield tag="490" ind1="1" ind2=" ">
            <marc:subfield code="a">BFI modern classics</marc:subfield>
        </marc:datafield>
        <marc:datafield tag="505" ind1="0" ind2="0">
            <marc:subfield code="g">1.</marc:subfield>
            <marc:subfield code="t">Novel as Audition Piece --</marc:subfield>
            <marc:subfield code="g">2.</marc:subfield>
            <marc:subfield code="t">Liquid Mirror: Ballard Dissolves to Cronenberg --</marc:subfield>
            <marc:subfield code="g">3.</marc:subfield>
            <marc:subfield code="t">The Other Crash Films --</marc:subfield>
            <marc:subfield code="g">4.</marc:subfield>
            <marc:subfield code="t">Cronenberg's Crash --</marc:subfield>
            <marc:subfield code="g">5.</marc:subfield>
            <marc:subfield code="t">White Nights on the Bauhaus Balcony --</marc:subfield>
            <marc:subfield code="g">6.</marc:subfield>
            <marc:subfield code="t">J.G. Ballard and James Ballard --</marc:subfield>
            <marc:subfield code="g">7.</marc:subfield>
            <marc:subfield code="t">Atrocity Exhibitions --</marc:subfield>
            <marc:subfield code="g">8.</marc:subfield>
            <marc:subfield code="t">The Trajectory of Fate.</marc:subfield>
        </marc:datafield>
        <marc:datafield tag="600" ind1="1" ind2="0">
            <marc:subfield code="a">Cronenberg, David</marc:subfield>
            <marc:subfield code="d">1943-</marc:subfield>
            <marc:subfield code="x">Criticism and interpretation</marc:subfield>
            <marc:subfield code="1">http://viaf.org/viaf/97752099</marc:subfield>
        </marc:datafield>
        <marc:datafield tag="600" ind1="1" ind2="7">
            <marc:subfield code="a">Ballard, J. G.</marc:subfield>
            <marc:subfield code="d">1930-</marc:subfield>
            <marc:subfield code="t">Crash.</marc:subfield>
            <marc:subfield code="2">ram</marc:subfield>
            <marc:subfield code="1">http://viaf.org/viaf/305922109</marc:subfield>
        </marc:datafield>
        <marc:datafield tag="600" ind1="1" ind2="7">
            <marc:subfield code="a">Cronenberg, David</marc:subfield>
            <marc:subfield code="d">1943-</marc:subfield>
            <marc:subfield code="2">fast</marc:subfield>
            <marc:subfield code="0">(OCoLC)fst00126742</marc:subfield>
            <marc:subfield code="1">http://viaf.org/viaf/97752099</marc:subfield>
        </marc:datafield>
        <marc:datafield tag="600" ind1="1" ind2="7">
            <marc:subfield code="a">Cronenberg, David</marc:subfield>
            <marc:subfield code="d">1943-</marc:subfield>
            <marc:subfield code="x">Critique et interprétation.</marc:subfield>
            <marc:subfield code="2">ram</marc:subfield>
            <marc:subfield code="1">http://viaf.org/viaf/97752099</marc:subfield>
        </marc:datafield>
        <marc:datafield tag="630" ind1="0" ind2="0">
            <marc:subfield code="a">Crash (Motion picture : 1996)</marc:subfield>
            <marc:subfield code="1">http://www.wikidata.org/entity/Q188000</marc:subfield>
        </marc:datafield>
        <marc:datafield tag="630" ind1="0" ind2="4">
            <marc:subfield code="a">Crash (Motion picture)</marc:subfield>
            <marc:subfield code="1">http://www.wikidata.org/entity/Q188000</marc:subfield>
        </marc:datafield>
        <marc:datafield tag="630" ind1="0" ind2="7">
            <marc:subfield code="a">Crash (Ballard, J. G.)</marc:subfield>
            <marc:subfield code="2">fast</marc:subfield>
            <marc:subfield code="0">(OCoLC)fst01912881</marc:subfield>
            <marc:subfield code="1">http://viaf.org/viaf/305922109</marc:subfield>
        </marc:datafield>
        <marc:datafield tag="630" ind1="0" ind2="7">
            <marc:subfield code="a">Crash (Motion picture : 1996)</marc:subfield>
            <marc:subfield code="2">fast</marc:subfield>
            <marc:subfield code="0">(OCoLC)fst01394078</marc:subfield>
            <marc:subfield code="1">http://www.wikidata.org/entity/Q188000</marc:subfield>
        </marc:datafield>
        <marc:datafield tag="630" ind1="0" ind2="7">
            <marc:subfield code="a">Crash &lt;Film&gt;</marc:subfield>
            <marc:subfield code="2">swd</marc:subfield>
            <marc:subfield code="1">http://www.wikidata.org/entity/Q188000</marc:subfield>
        </marc:datafield>
        <marc:datafield tag="650" ind1="1" ind2="7">
            <marc:subfield code="a">Crash (Cronenberg)</marc:subfield>
            <marc:subfield code="2">gtt</marc:subfield>
            <marc:subfield code="1">http://www.wikidata.org/entity/Q188000</marc:subfield>
        </marc:datafield>
        <marc:datafield tag="655" ind1=" " ind2="7">
            <marc:subfield code="a">Criticism, interpretation, etc.</marc:subfield>
            <marc:subfield code="2">fast</marc:subfield>
            <marc:subfield code="0">(OCoLC)fst01411635</marc:subfield>
        </marc:datafield>
        <marc:datafield tag="710" ind1="2" ind2=" ">
            <marc:subfield code="a">British Film Institute.</marc:subfield>
        </marc:datafield>
        <marc:datafield tag="830" ind1=" " ind2="0">
            <marc:subfield code="a">BFI modern classics.</marc:subfield>
        </marc:datafield>
    </marc:record>