
    <marc:record>
        <marc:leader>04646nam a22005531c 4500</marc:leader>
        <marc:controlfield tag="001">999919912665102201</marc:controlfield>
        <marc:controlfield tag="003">BIBSYS</marc:controlfield>
        <marc:controlfield tag="005">20200115203623.0</marc:controlfield>
        <marc:controlfield tag="006">m        d        </marc:controlfield>
        <marc:controlfield tag="007">cr cn|||||||||</marc:controlfield>
        <marc:controlfield tag="008">140929s2008    enk     ob    001 0 eng d</marc:controlfield>
        <marc:datafield tag="015" ind1=" " ind2=" ">
            <marc:subfield code="a">GBA8A5764</marc:subfield>
            <marc:subfield code="2">bnb</marc:subfield>
        </marc:datafield>
        <marc:datafield tag="016" ind1="7" ind2=" ">
            <marc:subfield code="z">014708430</marc:subfield>
            <marc:subfield code="2">Uk</marc:subfield>
        </marc:datafield>
        <marc:datafield tag="020" ind1=" " ind2=" ">
            <marc:subfield code="a">1-282-87540-X</marc:subfield>
        </marc:datafield>
        <marc:datafield tag="020" ind1=" " ind2=" ">
            <marc:subfield code="a">1-4411-6362-X</marc:subfield>
        </marc:datafield>
        <marc:datafield tag="020" ind1=" " ind2=" ">
            <marc:subfield code="a">1-4725-4251-7</marc:subfield>
        </marc:datafield>
        <marc:datafield tag="020" ind1=" " ind2=" ">
            <marc:subfield code="a">9786612875403</marc:subfield>
        </marc:datafield>
        <marc:datafield tag="024" ind1="7" ind2=" ">
            <marc:subfield code="a">10.5040/9781472542519</marc:subfield>
            <marc:subfield code="2">doi</marc:subfield>
        </marc:datafield>
        <marc:datafield tag="040" ind1=" " ind2=" ">
            <marc:subfield code="a">UtOrBLW</marc:subfield>
            <marc:subfield code="b">eng</marc:subfield>
            <marc:subfield code="c">UtOrBLW</marc:subfield>
            <marc:subfield code="d">UkLoBP</marc:subfield>
            <marc:subfield code="e">rda</marc:subfield>
            <marc:subfield code="e">pn</marc:subfield>
        </marc:datafield>
        <marc:datafield tag="041" ind1=" " ind2=" ">
            <marc:subfield code="a">eng</marc:subfield>
        </marc:datafield>
        <marc:datafield tag="050" ind1="0" ind2="0">
            <marc:subfield code="a">PR6052.A46</marc:subfield>
            <marc:subfield code="b">Z693 2008</marc:subfield>
        </marc:datafield>
        <marc:datafield tag="082" ind1="0" ind2="4">
            <marc:subfield code="a">823.914</marc:subfield>
            <marc:subfield code="2">22</marc:subfield>
        </marc:datafield>
        <marc:datafield tag="130" ind1="0" ind2="0">
            <marc:subfield code="a">J.G. Ballard</marc:subfield>
            <marc:subfield code="1">http://viaf.org/viaf/11777409/jgballard</marc:subfield>
        </marc:datafield>
        <marc:datafield tag="245" ind1="0" ind2="0">
            <marc:subfield code="a">J.G. Ballard </marc:subfield>
            <marc:subfield code="c">edited by Jeannette Baxter.</marc:subfield>
        </marc:datafield>
        <marc:datafield tag="264" ind1=" " ind2="1">
            <marc:subfield code="a">London </marc:subfield>
            <marc:subfield code="a">New York </marc:subfield>
            <marc:subfield code="b">Continuum </marc:subfield>
            <marc:subfield code="c">2008.</marc:subfield>
        </marc:datafield>
        <marc:datafield tag="300" ind1=" " ind2=" ">
            <marc:subfield code="a">1 online resource (170 pages)</marc:subfield>
        </marc:datafield>
        <marc:datafield tag="336" ind1=" " ind2=" ">
            <marc:subfield code="a">tekst</marc:subfield>
            <marc:subfield code="0">http://rdaregistry.info/termList/RDAContentType/1020</marc:subfield>
        </marc:datafield>
        <marc:datafield tag="336" ind1=" " ind2=" ">
            <marc:subfield code="a">text</marc:subfield>
            <marc:subfield code="b">txt</marc:subfield>
            <marc:subfield code="0">http://rdaregistry.info/termList/RDAContentType/1020</marc:subfield>
        </marc:datafield>
        <marc:datafield tag="337" ind1=" " ind2=" ">
            <marc:subfield code="a">computer</marc:subfield>
            <marc:subfield code="b">c</marc:subfield>
            <marc:subfield code="0">http://rdaregistry.info/termList/RDAMediaType/1003</marc:subfield>
        </marc:datafield>
        <marc:datafield tag="337" ind1=" " ind2=" ">
            <marc:subfield code="a">datamaskin</marc:subfield>
            <marc:subfield code="0">http://rdaregistry.info/termList/RDAMediaType/1003</marc:subfield>
        </marc:datafield>
        <marc:datafield tag="338" ind1=" " ind2=" ">
            <marc:subfield code="a">online resource</marc:subfield>
            <marc:subfield code="b">cr</marc:subfield>
            <marc:subfield code="0">http://rdaregistry.info/termList/RDACarrierType/1018</marc:subfield>
        </marc:datafield>
        <marc:datafield tag="338" ind1=" " ind2=" ">
            <marc:subfield code="a">online ressurs</marc:subfield>
            <marc:subfield code="0">http://rdaregistry.info/termList/RDACarrierType/1018</marc:subfield>
        </marc:datafield>
        <marc:datafield tag="347" ind1=" " ind2=" ">
            <marc:subfield code="a">data file</marc:subfield>
            <marc:subfield code="2">rda</marc:subfield>
        </marc:datafield>
        <marc:datafield tag="380" ind1=" " ind2=" ">
            <marc:subfield code="a">Språkbasert verk</marc:subfield>
            <marc:subfield code="1">https://schema.nb.no/Bibliographic/Values/V1000</marc:subfield>
        </marc:datafield>
        <marc:datafield tag="490" ind1="1" ind2=" ">
            <marc:subfield code="a">Contemporary critical perspectives</marc:subfield>
        </marc:datafield>
        <marc:datafield tag="500" ind1=" " ind2=" ">
            <marc:subfield code="a">Description based upon print version of record.</marc:subfield>
        </marc:datafield>
        <marc:datafield tag="504" ind1=" " ind2=" ">
            <marc:subfield code="a">Includes bibliographical references (pages [129]-147) and index</marc:subfield>
        </marc:datafield>
        <marc:datafield tag="505" ind1="0" ind2=" ">
            <marc:subfield code="a">General Editors' Foreword -- Acknowledgements -- Contributors -- Chronology or a Version of J. G. Ballard's Life -- Foreword by Toby Litt -- Introduction: J. G. Ballard and the Contemporary, Jeannette Baxter (Anglia Ruskin University, Cambridge) -- 1. The Geometry of the Space Age: J. G. Ballard's short fiction and science fiction of the 1960s, Brian Baker (Lancaster University) -- 2. Disquieting Features: An Introductory Tour to The Atrocity Exhibition, Jake Huntley (University of East Anglia) -- 3. The Gothic, the Body, and the Failed Homeopathy Argument: Reading Crash, Victor Sage (University of East Anglia) -- 4. Death at Work: The Cinematic Imagination of J. G. Ballard, Corin Depper (Kingston University) -- 5. Mind is the Battlefield: Reading Ballard's 'Life Trilogy' as War Literature, Umberto Rossi (Rome) -- 6. From Shanghai to Shepperton: Crises of Representation in J. G. Ballard's Londons, Sebastian Groes (Liverpool Hope University) -- 7. Visions of Europe in Cocaine Nights and Super-Cannes, Jeannette Baxter (Anglia Ruskin University, Cambridge) -- 8. The Possibilities of Sacrifice, the Certainties of Trauma: J. G. Ballard's Postmillenial Fiction, Philip Tew (Brunel University) -- Afterword by Toby Litt -- Interview with J.G. Ballard by Jeannette Baxter -- Further Reading -- Index</marc:subfield>
        </marc:datafield>
        <marc:datafield tag="520" ind1="8" ind2=" ">
            <marc:subfield code="a">J.G. Ballard is one of the most significant British writers of the contemporary period. His award-winning novels are widely studied and read, yet the appeal of Ballard's idiosyncratic, and often controversial, imagination is such that his work also enjoys something of a cult status with the reading public. The hugely successful cinematic adaptations of Empire of the Sun (Spielberg, 1987) and Crash (Cronenberg, 1996) further confirm Ballard's unique place within the literary, cultural and popular imaginations. This guide includes new critical perspectives on Ballard's major novels as well as his short stories and journalistic writing covering issues of form, narrative and experimentation. Whilst offering fresh readings of dominant and recurring themes in Ballard's writing, including history, sexuality, violence, consumer capitalism, and urban space,the contributors also explore Ballard's contribution to major contemporary debates including those surrounding post 9/11 politics, terrorism, neo-imperialism, science, morality and ethics.</marc:subfield>
        </marc:datafield>
        <marc:datafield tag="530" ind1=" " ind2=" ">
            <marc:subfield code="a">Also issued in print</marc:subfield>
        </marc:datafield>
        <marc:datafield tag="533" ind1=" " ind2=" ">
            <marc:subfield code="a">Electronic reproduction.</marc:subfield>
            <marc:subfield code="b">London :</marc:subfield>
            <marc:subfield code="c">Bloomsbury Publishing</marc:subfield>
            <marc:subfield code="d">2014.</marc:subfield>
            <marc:subfield code="n">Available via World Wide Web.</marc:subfield>
            <marc:subfield code="n">Access limited by licensing agreement</marc:subfield>
        </marc:datafield>
        <marc:datafield tag="546" ind1=" " ind2=" ">
            <marc:subfield code="a">English</marc:subfield>
        </marc:datafield>
        <marc:datafield tag="600" ind1="1" ind2="0">
            <marc:subfield code="a">Ballard, J. G.</marc:subfield>
            <marc:subfield code="d">1930-2009</marc:subfield>
            <marc:subfield code="x">Criticism and interpretation</marc:subfield>
            <marc:subfield code="1">http://viaf.org/viaf/9842556</marc:subfield>
        </marc:datafield>
        <marc:datafield tag="650" ind1=" " ind2="7">
            <marc:subfield code="2">Literary studies: from c 1900 -</marc:subfield>
        </marc:datafield>
        <marc:datafield tag="700" ind1="1" ind2=" ">
            <marc:subfield code="a">Baxter, Jeannette</marc:subfield>
            <marc:subfield code="e">editor</marc:subfield>
            <marc:subfield code="4">edc</marc:subfield>
            <marc:subfield code="1">http://viaf.org/viaf/11777409</marc:subfield>
        </marc:datafield>
        <marc:datafield tag="700" ind1="1" ind2="0">
            <marc:subfield code="a">Ballard, J. G.</marc:subfield>
            <marc:subfield code="d">1930-2009</marc:subfield>
            <marc:subfield code="1">http://viaf.org/viaf/9842556</marc:subfield>
            <marc:subfield code="4">ive</marc:subfield>
        </marc:datafield>
        <marc:datafield tag="776" ind1=" " ind2=" ">
            <marc:subfield code="z">0-8264-9725-X</marc:subfield>
        </marc:datafield>
        <marc:datafield tag="776" ind1=" " ind2=" ">
            <marc:subfield code="z">0-8264-9726-8</marc:subfield>
        </marc:datafield>
        <marc:datafield tag="830" ind1=" " ind2="0">
            <marc:subfield code="a">Continuum contemporary critical perspectives series.</marc:subfield>
        </marc:datafield>
    </marc:record>