
    <marc:record>
        <marc:leader>04919nam a2200505 i 4500</marc:leader>
        <marc:controlfield tag="001">999920272832802201</marc:controlfield>
        <marc:controlfield tag="003">BIBSYS</marc:controlfield>
        <marc:controlfield tag="005">20170919005727.0</marc:controlfield>
        <marc:controlfield tag="006">m     o  d |      </marc:controlfield>
        <marc:controlfield tag="007">cr -n---------</marc:controlfield>
        <marc:controlfield tag="008">160625t20162016ne ao   o     001 0 eng d</marc:controlfield>
        <marc:datafield tag="020" ind1=" " ind2=" ">
            <marc:subfield code="a">90-04-31207-2</marc:subfield>
        </marc:datafield>
        <marc:datafield tag="024" ind1="7" ind2=" ">
            <marc:subfield code="a">10.1163/9789004312074</marc:subfield>
            <marc:subfield code="2">DOI</marc:subfield>
        </marc:datafield>
        <marc:datafield tag="040" ind1=" " ind2=" ">
            <marc:subfield code="a">MiAaPQ</marc:subfield>
            <marc:subfield code="b">eng</marc:subfield>
            <marc:subfield code="e">rda</marc:subfield>
            <marc:subfield code="e">pn</marc:subfield>
            <marc:subfield code="c">MiAaPQ</marc:subfield>
            <marc:subfield code="d">MiAaPQ</marc:subfield>
        </marc:datafield>
        <marc:datafield tag="041" ind1=" " ind2=" ">
            <marc:subfield code="a">eng</marc:subfield>
        </marc:datafield>
        <marc:datafield tag="050" ind1=" " ind2="4">
            <marc:subfield code="a">PN55</marc:subfield>
            <marc:subfield code="b">.N377 2016</marc:subfield>
        </marc:datafield>
        <marc:datafield tag="072" ind1=" " ind2="7">
            <marc:subfield code="a">DSA</marc:subfield>
            <marc:subfield code="2">bicssc</marc:subfield>
        </marc:datafield>
        <marc:datafield tag="072" ind1=" " ind2="7">
            <marc:subfield code="a">LIT006000</marc:subfield>
            <marc:subfield code="2">bisacsh</marc:subfield>
        </marc:datafield>
        <marc:datafield tag="082" ind1="0" ind2=" ">
            <marc:subfield code="a">809/.933561</marc:subfield>
            <marc:subfield code="2">23</marc:subfield>
        </marc:datafield>
        <marc:datafield tag="245" ind1="0" ind2="0">
            <marc:subfield code="a">Narrating life :</marc:subfield>
            <marc:subfield code="b">experiments with human and animal bodies in literature, science and art /</marc:subfield>
            <marc:subfield code="c">edited by Stefan Herbrechter, Elisabeth Friis.</marc:subfield>
        </marc:datafield>
        <marc:datafield tag="264" ind1=" " ind2="1">
            <marc:subfield code="a">Leiden, Netherlands ;</marc:subfield>
            <marc:subfield code="a">Boston, Massachusetts :</marc:subfield>
            <marc:subfield code="b">Brill,</marc:subfield>
            <marc:subfield code="c">2016.</marc:subfield>
        </marc:datafield>
        <marc:datafield tag="264" ind1=" " ind2="4">
            <marc:subfield code="c">©2016</marc:subfield>
        </marc:datafield>
        <marc:datafield tag="300" ind1=" " ind2=" ">
            <marc:subfield code="a">1 online resource (349 pages)</marc:subfield>
        </marc:datafield>
        <marc:datafield tag="336" ind1=" " ind2=" ">
            <marc:subfield code="a">text</marc:subfield>
            <marc:subfield code="b">txt</marc:subfield>
            <marc:subfield code="0">http://rdaregistry.info/termList/RDAContentType/1020</marc:subfield>
        </marc:datafield>
        <marc:datafield tag="337" ind1=" " ind2=" ">
            <marc:subfield code="a">computer</marc:subfield>
            <marc:subfield code="b">c</marc:subfield>
            <marc:subfield code="0">http://rdaregistry.info/termList/RDAMediaType/1003</marc:subfield>
        </marc:datafield>
        <marc:datafield tag="338" ind1=" " ind2=" ">
            <marc:subfield code="a">online resource</marc:subfield>
            <marc:subfield code="b">cr</marc:subfield>
            <marc:subfield code="0">http://rdaregistry.info/termList/RDACarrierType/1018</marc:subfield>
        </marc:datafield>
        <marc:datafield tag="347" ind1=" " ind2=" ">
            <marc:subfield code="a">data file</marc:subfield>
            <marc:subfield code="2">rda</marc:subfield>
        </marc:datafield>
        <marc:datafield tag="380" ind1=" " ind2=" ">
            <marc:subfield code="a">Språkbasert verk</marc:subfield>
            <marc:subfield code="1">https://schema.nb.no/Bibliographic/Values/V1000</marc:subfield>
        </marc:datafield>
        <marc:datafield tag="490" ind1="0" ind2=" ">
            <marc:subfield code="a">Experimental Practices,</marc:subfield>
            <marc:subfield code="x">1873-8788 ;</marc:subfield>
            <marc:subfield code="v">Volume 1</marc:subfield>
        </marc:datafield>
        <marc:datafield tag="500" ind1=" " ind2=" ">
            <marc:subfield code="a">Includes index.</marc:subfield>
        </marc:datafield>
        <marc:datafield tag="504" ind1=" " ind2=" ">
            <marc:subfield code="a">Includes bibliographical references and index.</marc:subfield>
        </marc:datafield>
        <marc:datafield tag="505" ind1="0" ind2="0">
            <marc:subfield code="t">Preliminary Material /</marc:subfield>
            <marc:subfield code="r">Stefan Herbrechter and Elisabeth Friis -- </marc:subfield>
            <marc:subfield code="t">Narrating(−)Life - In Lieu of an Introduction /</marc:subfield>
            <marc:subfield code="r">Stefan Herbrechter -- </marc:subfield>
            <marc:subfield code="t">From Lives /</marc:subfield>
            <marc:subfield code="r">David Wagner -- </marc:subfield>
            <marc:subfield code="t">In my Core I have the Strange Impression that I don't Belong to the Human Species: Clarice Lispector's Água viva as Life Writing? /</marc:subfield>
            <marc:subfield code="r">Elisabeth Friis -- </marc:subfield>
            <marc:subfield code="t">Species Encounters: O. Butler Meets Haraway Meets Deleuze and Guattari /</marc:subfield>
            <marc:subfield code="r">Tom Idema -- </marc:subfield>
            <marc:subfield code="t">Solid-State Fiction: J.G. Ballard and the Crystallization of Life /</marc:subfield>
            <marc:subfield code="r">Moritz Ingwersen -- </marc:subfield>
            <marc:subfield code="t">Dissonance, Data, and dna: Aesthetics, Biopolitics and Transgenic Music in Richard Powers' Orfeo /</marc:subfield>
            <marc:subfield code="r">Cristina Iuli -- </marc:subfield>
            <marc:subfield code="t">&quot;Chromosomal Cuties&quot;, &quot;Fembots&quot;, &quot;Chatty Cyber Trio&quot; or &quot;Cantankerous Clones&quot;? Lynn Hershman Leeson's Teknolust /</marc:subfield>
            <marc:subfield code="r">Tanja Nusser -- </marc:subfield>
            <marc:subfield code="t">Submarine Experiments with Human Lives by Christoph Ransmayr - A Waterman Narrates /</marc:subfield>
            <marc:subfield code="r">Manuela Rossini -- </marc:subfield>
            <marc:subfield code="t">In Toxicating Languages of Bioinformatic Circulation: Poetics and Other &quot;Smallwork&quot; in The Flame Alphabet /</marc:subfield>
            <marc:subfield code="r">Laura Shackelford -- </marc:subfield>
            <marc:subfield code="t">Life beyond 'Critique': Murakami after Latour /</marc:subfield>
            <marc:subfield code="r">Jeff Wallace -- </marc:subfield>
            <marc:subfield code="t">Aporias of Survival: Kafka's Alien Incursion /</marc:subfield>
            <marc:subfield code="r">Dominik Zechner -- </marc:subfield>
            <marc:subfield code="t">The Atlas of Man (If by Man We Also Mean Woman) /</marc:subfield>
            <marc:subfield code="r">Steve Tomasula -- </marc:subfield>
            <marc:subfield code="t">Linear Time and Revolutionary Time: Humans, Apes, and Temporality in Scientific and Literary Narratives /</marc:subfield>
            <marc:subfield code="r">Amelie Björck -- </marc:subfield>
            <marc:subfield code="t">Ecolinguistic Activism: How and Why to Rite /</marc:subfield>
            <marc:subfield code="r">Angela Rawlings -- </marc:subfield>
            <marc:subfield code="t">Death Writing - Toward a Bestiary of the Biological Real /</marc:subfield>
            <marc:subfield code="r">Dorion Sagan -- </marc:subfield>
            <marc:subfield code="t">Experimenting with Bones /</marc:subfield>
            <marc:subfield code="r">Marianne Sommer -- </marc:subfield>
            <marc:subfield code="t">The Sponge Diver or Bodies on the Seabed /</marc:subfield>
            <marc:subfield code="r">Amalie Smith -- </marc:subfield>
            <marc:subfield code="t">Index /</marc:subfield>
            <marc:subfield code="r">Stefan Herbrechter and Elisabeth Friis.</marc:subfield>
        </marc:datafield>
        <marc:datafield tag="520" ind1=" " ind2=" ">
            <marc:subfield code="a">Narrating Life explores the relationship between literature, science and the arts and the way in which they are informed by the process of narrating life. More specifically, it asks: how do literature, science and the arts affect and are affected by the emergence of a critical culture of biopolitics and its rhetorical figurations? Its topicality for literary and cultural studies lies therefore in its exploration of the question: to what extent could narratives of life (or life-writing) be understood as a special practice through which to access the contemporary discussion about biopolitics with its strategies of immunity, mutation, and contagion. The individual contributions address these questions through focusing on new forms of life writing in traditional and new media, science writing and artistic and critical creative practice. In doing so, they also explore and redraw the boundaries between fictional and factual experimental practices. Contributors: Amelie Björck, Elisabeth Friis, Holly Henry, Stefan Herbrechter, Tom Idema, Moritz Ingwersen, Cristina Iuli, Tanja Nusser, Angela Rawlings, Manuela Rossini, Dorion Sagan, Laura Shackelford, Amalie Smith, Marianne Sommer, Steve Tomasula, David Wagner , Jeff Wallace, Dominik Zechner.</marc:subfield>
        </marc:datafield>
        <marc:datafield tag="546" ind1=" " ind2=" ">
            <marc:subfield code="a">English</marc:subfield>
        </marc:datafield>
        <marc:datafield tag="588" ind1=" " ind2=" ">
            <marc:subfield code="a">Description based on print version record.</marc:subfield>
        </marc:datafield>
        <marc:datafield tag="650" ind1=" " ind2="0">
            <marc:subfield code="a">Human body in literature.</marc:subfield>
        </marc:datafield>
        <marc:datafield tag="650" ind1=" " ind2="0">
            <marc:subfield code="a">Life in literature.</marc:subfield>
        </marc:datafield>
        <marc:datafield tag="650" ind1=" " ind2="0">
            <marc:subfield code="a">Literature and science.</marc:subfield>
        </marc:datafield>
        <marc:datafield tag="650" ind1=" " ind2="0">
            <marc:subfield code="a">Science in literature.</marc:subfield>
        </marc:datafield>
        <marc:datafield tag="650" ind1=" " ind2="0">
            <marc:subfield code="a">Scientific literature</marc:subfield>
            <marc:subfield code="x">History and criticism.</marc:subfield>
        </marc:datafield>
        <marc:datafield tag="655" ind1=" " ind2="4">
            <marc:subfield code="a">Electronic books.</marc:subfield>
        </marc:datafield>
        <marc:datafield tag="700" ind1="1" ind2=" ">
            <marc:subfield code="a">Friis, Elisabeth</marc:subfield>
            <marc:subfield code="e">editor</marc:subfield>
            <marc:subfield code="4">edt</marc:subfield>
            <marc:subfield code="4">edc</marc:subfield>
            <marc:subfield code="4">http://rdaregistry.info/Elements/m/object/P30267</marc:subfield>
            <marc:subfield code="1">http://viaf.org/viaf/270494320</marc:subfield>
        </marc:datafield>
        <marc:datafield tag="700" ind1="1" ind2=" ">
            <marc:subfield code="a">Herbrechter, Stefan</marc:subfield>
            <marc:subfield code="e">editor</marc:subfield>
            <marc:subfield code="4">edt</marc:subfield>
            <marc:subfield code="4">edc</marc:subfield>
            <marc:subfield code="4">http://rdaregistry.info/Elements/m/object/P30267</marc:subfield>
            <marc:subfield code="1">http://viaf.org/viaf/61777260</marc:subfield>
        </marc:datafield>
        <marc:datafield tag="776" ind1=" " ind2=" ">
            <marc:subfield code="z">90-04-30259-X</marc:subfield>
        </marc:datafield>
        <marc:datafield tag="830" ind1=" " ind2="0">
            <marc:subfield code="a">Experimental Practices</marc:subfield>
            <marc:subfield code="v">1.</marc:subfield>
        </marc:datafield>
    </marc:record>