
    <marc:record>
        <marc:leader>03445cam a22003858i 4500</marc:leader>
        <marc:controlfield tag="001">22387856</marc:controlfield>
        <marc:controlfield tag="003">LC</marc:controlfield>
        <marc:controlfield tag="005">20220310125912.0</marc:controlfield>
        <marc:controlfield tag="008">220119s2022    mdu      b    001 0 eng  </marc:controlfield>
        <marc:datafield tag="010" ind1=" " ind2=" ">
            <marc:subfield code="a">  2022001941</marc:subfield>
        </marc:datafield>
        <marc:datafield tag="020" ind1=" " ind2=" ">
            <marc:subfield code="a">9781666901818</marc:subfield>
            <marc:subfield code="q">(cloth)</marc:subfield>
        </marc:datafield>
        <marc:datafield tag="020" ind1=" " ind2=" ">
            <marc:subfield code="z">9781666901825</marc:subfield>
            <marc:subfield code="q">(ebook)</marc:subfield>
        </marc:datafield>
        <marc:datafield tag="040" ind1=" " ind2=" ">
            <marc:subfield code="a">DLC</marc:subfield>
            <marc:subfield code="b">eng</marc:subfield>
            <marc:subfield code="e">rda</marc:subfield>
            <marc:subfield code="c">DLC</marc:subfield>
            <marc:subfield code="d">DLC</marc:subfield>
        </marc:datafield>
        <marc:datafield tag="042" ind1=" " ind2=" ">
            <marc:subfield code="a">pcc</marc:subfield>
        </marc:datafield>
        <marc:datafield tag="050" ind1="0" ind2="0">
            <marc:subfield code="a">PN56.B56</marc:subfield>
            <marc:subfield code="b">A94 2022</marc:subfield>
        </marc:datafield>
        <marc:datafield tag="082" ind1="0" ind2="0">
            <marc:subfield code="a">809/.933628</marc:subfield>
            <marc:subfield code="2">23/eng/20220124</marc:subfield>
        </marc:datafield>
        <marc:datafield tag="245" ind1="0" ind2="0">
            <marc:subfield code="a">Avian aesthetics in literature and culture :</marc:subfield>
            <marc:subfield code="b">birds and humans in the popular imagination /</marc:subfield>
            <marc:subfield code="c">edited by Danette DiMarco and Timothy Ruppert.</marc:subfield>
        </marc:datafield>
        <marc:datafield tag="263" ind1=" " ind2=" ">
            <marc:subfield code="a">2204</marc:subfield>
        </marc:datafield>
        <marc:datafield tag="264" ind1=" " ind2="1">
            <marc:subfield code="a">Lanham :</marc:subfield>
            <marc:subfield code="b">Lexington Books,</marc:subfield>
            <marc:subfield code="c">[2022]</marc:subfield>
        </marc:datafield>
        <marc:datafield tag="300" ind1=" " ind2=" ">
            <marc:subfield code="a">pages cm.</marc:subfield>
        </marc:datafield>
        <marc:datafield tag="336" ind1=" " ind2=" ">
            <marc:subfield code="a">text</marc:subfield>
            <marc:subfield code="b">txt</marc:subfield>
            <marc:subfield code="2">rdacontent</marc:subfield>
            <marc:subfield code="0">http://rdaregistry.info/termList/RDAContentType/1020</marc:subfield>
        </marc:datafield>
        <marc:datafield tag="337" ind1=" " ind2=" ">
            <marc:subfield code="a">unmediated</marc:subfield>
            <marc:subfield code="b">n</marc:subfield>
            <marc:subfield code="2">rdamedia</marc:subfield>
            <marc:subfield code="0">http://rdaregistry.info/termList/RDAMediaType/1007</marc:subfield>
        </marc:datafield>
        <marc:datafield tag="338" ind1=" " ind2=" ">
            <marc:subfield code="a">volume</marc:subfield>
            <marc:subfield code="b">nc</marc:subfield>
            <marc:subfield code="2">rdacarrier</marc:subfield>
            <marc:subfield code="0">http://rdaregistry.info/termList/RDACarrierType/1049</marc:subfield>
        </marc:datafield>
        <marc:datafield tag="490" ind1="0" ind2=" ">
            <marc:subfield code="a">Ecocritical theory and practice</marc:subfield>
        </marc:datafield>
        <marc:datafield tag="504" ind1=" " ind2=" ">
            <marc:subfield code="a">Includes bibliographical references and index.</marc:subfield>
        </marc:datafield>
        <marc:datafield tag="505" ind1="0" ind2=" ">
            <marc:subfield code="a">Section 1: The Avian-ness of Aesthetics -- Birdwatching and Wordwatching: The Avian Aesthetics of Virginia Woolf's Mrs Dalloway / Jemma Deer -- Birds as Character, Motif, Allusion, and Symbol in Meir Shalev's A Pigeon and a Boy / Laura Major -- &quot;With An Aviary Inside Its Head&quot;: Surrealist Sensibilities and Avian Ontologies in the Work of J. G. Ballard and Ted Hughes / Declan Lloyd -- The Optimism of Flight: Magical Realism in Little Nemo in Slumberland / Mark O'Connor -- Section 2: Writing About/Like Birds -- The Fate of Birds in Anatole France's Penguin Island / Timothy Ruppert -- Of Curlews and Crows: Representations of Avian Cognition in North American Animal Stories / Jennifer Schell -- What is it like to write (like) a bird?: Rethinking Literary Practice to Support Avian Subjectivity / Joshua Lobb -- Margaret Atwood's Bird Narratives / Danette DiMarco -- Section 3: Entangled Worlds -- The Peregrine: At the Intersection of Ecocriticism and New Nature Writing / Debarati Bandyopadhyay -- Helen Macdonald, T. H. White, and Hawks: H is [also] for History / Louis J. Boyle -- Across So Wide a Sea: Humans, Seabirds, and the Kinship of Mortality / Keri Stevenson -- Collisions in Contemporary American Poetry / Calista McRae -- Section 4: Consumers Consuming Birds -- &quot;Their Little Brethren of the Air&quot;: Rhetoric of Youth Birding in the United States, 1890s-Present / Laura McGrath -- Birds Aren't Real: Narrative and Aesthetic Irony in For-Profit Conspiracy / Lauren Shoemaker -- Laying Eggs: Ludothematic Resonance and the Birds of Wingspan / Christopher Moore.</marc:subfield>
        </marc:datafield>
        <marc:datafield tag="520" ind1=" " ind2=" ">
            <marc:subfield code="a">&quot;Avian Aesthetics in Literature and Culture challenges species centrism through essays that bridge various environment-focused perspectives and methodologies&quot;--</marc:subfield>
            <marc:subfield code="c">Provided by publisher.</marc:subfield>
        </marc:datafield>
        <marc:datafield tag="650" ind1=" " ind2="0">
            <marc:subfield code="a">Birds in literature.</marc:subfield>
        </marc:datafield>
        <marc:datafield tag="650" ind1=" " ind2="0">
            <marc:subfield code="a">Human-animal relationships.</marc:subfield>
        </marc:datafield>
        <marc:datafield tag="650" ind1=" " ind2="0">
            <marc:subfield code="a">Nature (Aesthetics)</marc:subfield>
        </marc:datafield>
        <marc:datafield tag="655" ind1=" " ind2="7">
            <marc:subfield code="a">Essays.</marc:subfield>
            <marc:subfield code="2">lcgft</marc:subfield>
        </marc:datafield>
        <marc:datafield tag="655" ind1=" " ind2="7">
            <marc:subfield code="a">Literary criticism.</marc:subfield>
            <marc:subfield code="2">lcgft</marc:subfield>
        </marc:datafield>
        <marc:datafield tag="700" ind1="1" ind2=" ">
            <marc:subfield code="a">DiMarco, Danette</marc:subfield>
            <marc:subfield code="e">editor</marc:subfield>
            <marc:subfield code="4">edt</marc:subfield>
            <marc:subfield code="4">edc</marc:subfield>
            <marc:subfield code="4">http://rdaregistry.info/Elements/m/object/P30267</marc:subfield>
            <marc:subfield code="1">http://viaf.org/viaf/300081979</marc:subfield>
        </marc:datafield>
        <marc:datafield tag="700" ind1="1" ind2=" ">
            <marc:subfield code="a">Ruppert, Timothy</marc:subfield>
            <marc:subfield code="d">1969-</marc:subfield>
            <marc:subfield code="e">editor</marc:subfield>
            <marc:subfield code="4">edt</marc:subfield>
            <marc:subfield code="4">edc</marc:subfield>
            <marc:subfield code="4">http://rdaregistry.info/Elements/m/object/P30267</marc:subfield>
            <marc:subfield code="1">http://viaf.org/viaf/31164294837908410286</marc:subfield>
        </marc:datafield>
        <marc:datafield tag="776" ind1="0" ind2="8">
            <marc:subfield code="i">Online version:</marc:subfield>
            <marc:subfield code="t">Avian aesthetics in literature and culture</marc:subfield>
            <marc:subfield code="d">Lanham : Lexington Books, [2022]</marc:subfield>
            <marc:subfield code="z">9781666901825</marc:subfield>
            <marc:subfield code="w">(DLC) 2022001942</marc:subfield>
        </marc:datafield>
    </marc:record>