
    <marc:record>
        <marc:leader>03680cam a2200469 a 4500</marc:leader>
        <marc:controlfield tag="001">16895088</marc:controlfield>
        <marc:controlfield tag="003">LC</marc:controlfield>
        <marc:controlfield tag="005">20111215164843.0</marc:controlfield>
        <marc:controlfield tag="008">110729s2011    enka     b    001 0 eng d</marc:controlfield>
        <marc:datafield tag="010" ind1=" " ind2=" ">
            <marc:subfield code="a">  2011453815</marc:subfield>
        </marc:datafield>
        <marc:datafield tag="015" ind1=" " ind2=" ">
            <marc:subfield code="a">GBB078604</marc:subfield>
            <marc:subfield code="2">bnb</marc:subfield>
        </marc:datafield>
        <marc:datafield tag="016" ind1="7" ind2=" ">
            <marc:subfield code="a">015589364</marc:subfield>
            <marc:subfield code="2">Uk</marc:subfield>
        </marc:datafield>
        <marc:datafield tag="020" ind1=" " ind2=" ">
            <marc:subfield code="a">0826432352 (hbk.)</marc:subfield>
        </marc:datafield>
        <marc:datafield tag="020" ind1=" " ind2=" ">
            <marc:subfield code="a">9780826432353 (hbk.)</marc:subfield>
        </marc:datafield>
        <marc:datafield tag="035" ind1=" " ind2=" ">
            <marc:subfield code="a">(OCoLC)ocn645702334</marc:subfield>
        </marc:datafield>
        <marc:datafield tag="040" ind1=" " ind2=" ">
            <marc:subfield code="a">UKM</marc:subfield>
            <marc:subfield code="c">UKM</marc:subfield>
            <marc:subfield code="d">BWX</marc:subfield>
            <marc:subfield code="d">U5D</marc:subfield>
            <marc:subfield code="d">PIT</marc:subfield>
            <marc:subfield code="d">YDXCP</marc:subfield>
            <marc:subfield code="d">FDA</marc:subfield>
            <marc:subfield code="d">BTCTA</marc:subfield>
            <marc:subfield code="d">BWK</marc:subfield>
            <marc:subfield code="d">CDX</marc:subfield>
            <marc:subfield code="d">UV0</marc:subfield>
            <marc:subfield code="d">DLC</marc:subfield>
        </marc:datafield>
        <marc:datafield tag="042" ind1=" " ind2=" ">
            <marc:subfield code="a">lccopycat</marc:subfield>
        </marc:datafield>
        <marc:datafield tag="043" ind1=" " ind2=" ">
            <marc:subfield code="a">n-us---</marc:subfield>
            <marc:subfield code="a">e-uk---</marc:subfield>
        </marc:datafield>
        <marc:datafield tag="050" ind1="0" ind2="0">
            <marc:subfield code="a">PN56.C7</marc:subfield>
            <marc:subfield code="b">C75 2011</marc:subfield>
        </marc:datafield>
        <marc:datafield tag="082" ind1="0" ind2="4">
            <marc:subfield code="a">813.0093556</marc:subfield>
            <marc:subfield code="2">22</marc:subfield>
        </marc:datafield>
        <marc:datafield tag="245" ind1="0" ind2="0">
            <marc:subfield code="a">Crime culture :</marc:subfield>
            <marc:subfield code="b">figuring criminality in fiction and film /</marc:subfield>
            <marc:subfield code="c">edited by Bran Nicol, Eugene McNulty and Patricia Pulham.</marc:subfield>
        </marc:datafield>
        <marc:datafield tag="260" ind1=" " ind2=" ">
            <marc:subfield code="a">London ;</marc:subfield>
            <marc:subfield code="a">New York :</marc:subfield>
            <marc:subfield code="b">Continuum,</marc:subfield>
            <marc:subfield code="c">2011.</marc:subfield>
        </marc:datafield>
        <marc:datafield tag="300" ind1=" " ind2=" ">
            <marc:subfield code="a">x, 237 pages :</marc:subfield>
            <marc:subfield code="b">illustrations ;</marc:subfield>
            <marc:subfield code="c">24 cm.</marc:subfield>
        </marc:datafield>
        <marc:datafield tag="336" ind1=" " ind2=" ">
            <marc:subfield code="a">text</marc:subfield>
            <marc:subfield code="2">rdacontent</marc:subfield>
            <marc:subfield code="0">http://rdaregistry.info/termList/RDAContentType/1020</marc:subfield>
        </marc:datafield>
        <marc:datafield tag="337" ind1=" " ind2=" ">
            <marc:subfield code="a">unmediated</marc:subfield>
            <marc:subfield code="2">rdamedia</marc:subfield>
            <marc:subfield code="0">http://rdaregistry.info/termList/RDAMediaType/1007</marc:subfield>
        </marc:datafield>
        <marc:datafield tag="338" ind1=" " ind2=" ">
            <marc:subfield code="a">volume</marc:subfield>
            <marc:subfield code="2">rdacarrier</marc:subfield>
            <marc:subfield code="0">http://rdaregistry.info/termList/RDACarrierType/1049</marc:subfield>
        </marc:datafield>
        <marc:datafield tag="380" ind1=" " ind2=" ">
            <marc:subfield code="a">Språkbasert verk</marc:subfield>
            <marc:subfield code="1">https://schema.nb.no/Bibliographic/Values/V1000</marc:subfield>
        </marc:datafield>
        <marc:datafield tag="490" ind1="1" ind2=" ">
            <marc:subfield code="a">Continuum literary studies</marc:subfield>
        </marc:datafield>
        <marc:datafield tag="504" ind1=" " ind2=" ">
            <marc:subfield code="a">Includes bibliographical references (p. [210]-227) and index.</marc:subfield>
        </marc:datafield>
        <marc:datafield tag="505" ind1="0" ind2="0">
            <marc:subfield code="t">Crime culture and modernity /</marc:subfield>
            <marc:subfield code="r">Bran Nicol, Patricia Pulham and Eugene McNulty --</marc:subfield>
            <marc:subfield code="t">Breaking boundaries :</marc:subfield>
            <marc:subfield code="t">games, art and the image. Playing dead :</marc:subfield>
            <marc:subfield code="t">crime as a social system /</marc:subfield>
            <marc:subfield code="r">Mark Seltzer ; Psychopathology as a game :</marc:subfield>
            <marc:subfield code="t">J.G. Ballard and conceptual crime /</marc:subfield>
            <marc:subfield code="r">Benjamin Noys ; Crime, abjection, transgression and the image /</marc:subfield>
            <marc:subfield code="r">John Lechte --</marc:subfield>
            <marc:subfield code="t">Revisiting noir. The female side of crime :</marc:subfield>
            <marc:subfield code="t">film noir's Femme fatale and the dark side of modernity /</marc:subfield>
            <marc:subfield code="r">Elisabeth Bronfen ; Post-war American noir :</marc:subfield>
            <marc:subfield code="t">confronting Fordism /</marc:subfield>
            <marc:subfield code="r">Andrew Pepper --</marc:subfield>
            <marc:subfield code="t">Vixens and victims :</marc:subfield>
            <marc:subfield code="t">criminal femininities. Dead dolls and deadly dames :</marc:subfield>
            <marc:subfield code="t">the cover girls of American true crime publishing /</marc:subfield>
            <marc:subfield code="r">Lee Horsley ; Contemporary African American women's crime and mystery novels /</marc:subfield>
            <marc:subfield code="r">Linden Peach --</marc:subfield>
            <marc:subfield code="t">Angels of death :</marc:subfield>
            <marc:subfield code="t">criminal masculinities. Killer boys :</marc:subfield>
            <marc:subfield code="t">male friendship and criminality in The butcher boy, elephant and boy a /</marc:subfield>
            <marc:subfield code="r">Páraic Finnerty ; The angel of death :</marc:subfield>
            <marc:subfield code="t">targeting the hitman /</marc:subfield>
            <marc:subfield code="r">Andrew Spicer --</marc:subfield>
            <marc:subfield code="t">Reading the criminal other. Risk management :</marc:subfield>
            <marc:subfield code="t">Frank Abagnale, Jr. and the shadowing of pleasure /</marc:subfield>
            <marc:subfield code="r">Christopher P. Wilson ; &quot;Police they neighbour&quot; :</marc:subfield>
            <marc:subfield code="t">crime culture and the Rear window paradigm /</marc:subfield>
            <marc:subfield code="r">Bran Nicol.</marc:subfield>
        </marc:datafield>
        <marc:datafield tag="520" ind1="8" ind2=" ">
            <marc:subfield code="a">Exploring crime in works which are not usually associated with crime genres, this work breathes new life into staple themes in crime fiction/cinema such as gender, the body and the city, and offers analyses of new elements such as the mythology of the hitman and the cultural impact of 'senseless' murders.</marc:subfield>
        </marc:datafield>
        <marc:datafield tag="650" ind1=" " ind2="0">
            <marc:subfield code="a">American fiction</marc:subfield>
            <marc:subfield code="y">20th century</marc:subfield>
            <marc:subfield code="x">History and criticism.</marc:subfield>
        </marc:datafield>
        <marc:datafield tag="650" ind1=" " ind2="0">
            <marc:subfield code="a">American fiction</marc:subfield>
            <marc:subfield code="y">21st century</marc:subfield>
            <marc:subfield code="x">History and criticism.</marc:subfield>
        </marc:datafield>
        <marc:datafield tag="650" ind1=" " ind2="0">
            <marc:subfield code="a">Crime films</marc:subfield>
            <marc:subfield code="z">Great Britain</marc:subfield>
            <marc:subfield code="x">History and criticism.</marc:subfield>
        </marc:datafield>
        <marc:datafield tag="650" ind1=" " ind2="0">
            <marc:subfield code="a">Crime films</marc:subfield>
            <marc:subfield code="z">United States</marc:subfield>
            <marc:subfield code="x">History and criticism.</marc:subfield>
        </marc:datafield>
        <marc:datafield tag="650" ind1=" " ind2="0">
            <marc:subfield code="a">Crime in literature.</marc:subfield>
        </marc:datafield>
        <marc:datafield tag="650" ind1=" " ind2="0">
            <marc:subfield code="a">English fiction</marc:subfield>
            <marc:subfield code="y">20th century</marc:subfield>
            <marc:subfield code="x">History and criticism.</marc:subfield>
        </marc:datafield>
        <marc:datafield tag="650" ind1=" " ind2="0">
            <marc:subfield code="a">English fiction</marc:subfield>
            <marc:subfield code="y">21st century</marc:subfield>
            <marc:subfield code="x">History and criticism.</marc:subfield>
        </marc:datafield>
        <marc:datafield tag="700" ind1="1" ind2=" ">
            <marc:subfield code="a">McNulty, Eugene</marc:subfield>
            <marc:subfield code="4">edt</marc:subfield>
            <marc:subfield code="e">dc</marc:subfield>
            <marc:subfield code="4">http://rdaregistry.info/Elements/m/object/P30267</marc:subfield>
            <marc:subfield code="1">http://example.org/person/mcnultyeugene</marc:subfield>
        </marc:datafield>
        <marc:datafield tag="700" ind1="1" ind2=" ">
            <marc:subfield code="a">Nicol, Bran</marc:subfield>
            <marc:subfield code="d">1969-</marc:subfield>
            <marc:subfield code="4">edt</marc:subfield>
            <marc:subfield code="e">dc</marc:subfield>
            <marc:subfield code="4">http://rdaregistry.info/Elements/m/object/P30267</marc:subfield>
            <marc:subfield code="1">http://example.org/person/nicolbran</marc:subfield>
        </marc:datafield>
        <marc:datafield tag="700" ind1="1" ind2=" ">
            <marc:subfield code="a">Pulham, Patricia</marc:subfield>
            <marc:subfield code="d">1959-</marc:subfield>
            <marc:subfield code="4">edt</marc:subfield>
            <marc:subfield code="e">dc</marc:subfield>
            <marc:subfield code="4">http://rdaregistry.info/Elements/m/object/P30267</marc:subfield>
            <marc:subfield code="1">http://example.org/person/pulhampatricia</marc:subfield>
        </marc:datafield>
        <marc:datafield tag="830" ind1=" " ind2="0">
            <marc:subfield code="a">Continuum literary studies.</marc:subfield>
        </marc:datafield>
    </marc:record>