
    <marc:record>
        <marc:leader>02708cam a22003975i 4500</marc:leader>
        <marc:controlfield tag="001">21847053</marc:controlfield>
        <marc:controlfield tag="003">LC</marc:controlfield>
        <marc:controlfield tag="005">20201217131039.0</marc:controlfield>
        <marc:controlfield tag="008">201217t20202020uy            000 jdspa d</marc:controlfield>
        <marc:datafield tag="010" ind1=" " ind2=" ">
            <marc:subfield code="a">  2020344488</marc:subfield>
        </marc:datafield>
        <marc:datafield tag="020" ind1=" " ind2=" ">
            <marc:subfield code="a">9789974909199</marc:subfield>
        </marc:datafield>
        <marc:datafield tag="020" ind1=" " ind2=" ">
            <marc:subfield code="a">9974909198</marc:subfield>
        </marc:datafield>
        <marc:datafield tag="035" ind1=" " ind2=" ">
            <marc:subfield code="a">(OCoLC)on1201541027</marc:subfield>
        </marc:datafield>
        <marc:datafield tag="040" ind1=" " ind2=" ">
            <marc:subfield code="a">GUA</marc:subfield>
            <marc:subfield code="b">eng</marc:subfield>
            <marc:subfield code="c">GUA</marc:subfield>
            <marc:subfield code="e">rda</marc:subfield>
            <marc:subfield code="d">MNU</marc:subfield>
            <marc:subfield code="d">OCLCF</marc:subfield>
            <marc:subfield code="d">OCLCO</marc:subfield>
            <marc:subfield code="d">DLC</marc:subfield>
        </marc:datafield>
        <marc:datafield tag="042" ind1=" " ind2=" ">
            <marc:subfield code="a">lccopycat</marc:subfield>
        </marc:datafield>
        <marc:datafield tag="043" ind1=" " ind2=" ">
            <marc:subfield code="a">s-uy---</marc:subfield>
        </marc:datafield>
        <marc:datafield tag="097" ind1="0" ind2="0">
            <marc:subfield code="a">PQ8518</marc:subfield>
            <marc:subfield code="b">.C8367 2020</marc:subfield>
        </marc:datafield>
        <marc:datafield tag="245" ind1="0" ind2="0">
            <marc:subfield code="a">Cuentos de la peste /</marc:subfield>
            <marc:subfield code="c">Gustavo Alzugaray [and 26 others].</marc:subfield>
        </marc:datafield>
        <marc:datafield tag="250" ind1=" " ind2=" ">
            <marc:subfield code="a">1a. ed.</marc:subfield>
        </marc:datafield>
        <marc:datafield tag="264" ind1=" " ind2="1">
            <marc:subfield code="a">Montevideo, Uruguay :</marc:subfield>
            <marc:subfield code="b">Editorial Fin de Siglo, 2020.</marc:subfield>
        </marc:datafield>
        <marc:datafield tag="264" ind1=" " ind2="4">
            <marc:subfield code="c">©2020</marc:subfield>
        </marc:datafield>
        <marc:datafield tag="300" ind1=" " ind2=" ">
            <marc:subfield code="a">265 pages ;</marc:subfield>
            <marc:subfield code="c">21 cm.</marc:subfield>
        </marc:datafield>
        <marc:datafield tag="336" ind1=" " ind2=" ">
            <marc:subfield code="a">text</marc:subfield>
            <marc:subfield code="b">txt</marc:subfield>
            <marc:subfield code="2">rdacontent</marc:subfield>
            <marc:subfield code="0">http://rdaregistry.info/termList/RDAContentType/1020</marc:subfield>
        </marc:datafield>
        <marc:datafield tag="337" ind1=" " ind2=" ">
            <marc:subfield code="a">unmediated</marc:subfield>
            <marc:subfield code="b">n</marc:subfield>
            <marc:subfield code="2">rdamedia</marc:subfield>
            <marc:subfield code="0">http://rdaregistry.info/termList/RDAMediaType/1007</marc:subfield>
        </marc:datafield>
        <marc:datafield tag="338" ind1=" " ind2=" ">
            <marc:subfield code="a">volume</marc:subfield>
            <marc:subfield code="b">nc</marc:subfield>
            <marc:subfield code="2">rdacarrier</marc:subfield>
            <marc:subfield code="0">http://rdaregistry.info/termList/RDACarrierType/1049</marc:subfield>
        </marc:datafield>
        <marc:datafield tag="380" ind1=" " ind2=" ">
            <marc:subfield code="a">Short story</marc:subfield>
        </marc:datafield>
        <marc:datafield tag="490" ind1="1" ind2=" ">
            <marc:subfield code="a">Colección ñ</marc:subfield>
        </marc:datafield>
        <marc:datafield tag="505" ind1="0" ind2="0">
            <marc:subfield code="t">Bolívar Baladán /</marc:subfield>
            <marc:subfield code="r">Gustavo Alzugaray --</marc:subfield>
            <marc:subfield code="t">R. I. P. Fogwill /</marc:subfield>
            <marc:subfield code="r">José Arenas --</marc:subfield>
            <marc:subfield code="t">Invasiones /</marc:subfield>
            <marc:subfield code="r">Gonzalo Baz --</marc:subfield>
            <marc:subfield code="t">Takeshi /</marc:subfield>
            <marc:subfield code="r">Carolina Bello --</marc:subfield>
            <marc:subfield code="t">La gran quemazón de chanchos /</marc:subfield>
            <marc:subfield code="r">Martín Bentancor --</marc:subfield>
            <marc:subfield code="t">Las islas Gemelas /</marc:subfield>
            <marc:subfield code="r">Juan de Dios Caballero --</marc:subfield>
            <marc:subfield code="t">Doña Helen /</marc:subfield>
            <marc:subfield code="r">Susana Cabrera --</marc:subfield>
            <marc:subfield code="t">Regreso a casa /</marc:subfield>
            <marc:subfield code="r">Jorge Chagas --</marc:subfield>
            <marc:subfield code="t">Cola de seda antigua /</marc:subfield>
            <marc:subfield code="r">Marcia Collazo --</marc:subfield>
            <marc:subfield code="t">Los acontecimientos según Marian /</marc:subfield>
            <marc:subfield code="r">Carolina Cynovich --</marc:subfield>
            <marc:subfield code="t">Latido /</marc:subfield>
            <marc:subfield code="r">Andrea di Candia --</marc:subfield>
            <marc:subfield code="t">El río robado /</marc:subfield>
            <marc:subfield code="r">César di Candia --</marc:subfield>
            <marc:subfield code="t">Marcado /</marc:subfield>
            <marc:subfield code="r">Luis Do Santos --</marc:subfield>
            <marc:subfield code="t">Las muñecas del señor Izumi /</marc:subfield>
            <marc:subfield code="r">Pablo Dobrinin --</marc:subfield>
            <marc:subfield code="t">Lucidez /</marc:subfield>
            <marc:subfield code="r">Natalia Fernández Coscia --</marc:subfield>
            <marc:subfield code="t">Strogonoff /</marc:subfield>
            <marc:subfield code="r">Juan Grompone --</marc:subfield>
            <marc:subfield code="t">Vecino poeta /</marc:subfield>
            <marc:subfield code="r">Martín Lasalt --</marc:subfield>
            <marc:subfield code="t">Hacer que el tiempo pase /</marc:subfield>
            <marc:subfield code="r">Carlos Liscano --</marc:subfield>
            <marc:subfield code="t">1988/2020 /</marc:subfield>
            <marc:subfield code="r">Natalia Mardero --</marc:subfield>
            <marc:subfield code="t">Dos por día, o Tratado sobre un cuento que saltó por la ventana /</marc:subfield>
            <marc:subfield code="r">Fabián Muniz --</marc:subfield>
            <marc:subfield code="t">Los viajes empiezan después que uno llega /</marc:subfield>
            <marc:subfield code="r">Diego Recoba --</marc:subfield>
            <marc:subfield code="t">Acá no había babosas /</marc:subfield>
            <marc:subfield code="r">Cecilia Ríos --</marc:subfield>
            <marc:subfield code="t">El silencio de tanto tiempo /</marc:subfield>
            <marc:subfield code="r">Mercedes Rosende --</marc:subfield>
            <marc:subfield code="t">Algo supuestamente divertido que no volveré a hacer ;</marc:subfield>
            <marc:subfield code="t">Por J. G. Ballard (fragmento) /</marc:subfield>
            <marc:subfield code="r">Ramiro Sanchiz --</marc:subfield>
            <marc:subfield code="t">Los últimos /</marc:subfield>
            <marc:subfield code="r">Rodolfo Santullo --</marc:subfield>
            <marc:subfield code="t">A la manera casi clásica /</marc:subfield>
            <marc:subfield code="r">Ana Solari --</marc:subfield>
            <marc:subfield code="t">Una salida normal /</marc:subfield>
            <marc:subfield code="r">Fernando Villalba.</marc:subfield>
        </marc:datafield>
        <marc:datafield tag="520" ind1=" " ind2=" ">
            <marc:subfield code="a">&quot;27 authors, 27 readings for times of a new (a)normality&quot;--Publisher's website.</marc:subfield>
        </marc:datafield>
        <marc:datafield tag="648" ind1=" " ind2="7">
            <marc:subfield code="a">2000-2099</marc:subfield>
            <marc:subfield code="2">fast</marc:subfield>
        </marc:datafield>
        <marc:datafield tag="650" ind1=" " ind2="0">
            <marc:subfield code="a">COVID-19 (Disease)</marc:subfield>
            <marc:subfield code="v">Fiction.</marc:subfield>
        </marc:datafield>
        <marc:datafield tag="650" ind1=" " ind2="0">
            <marc:subfield code="a">Short stories, Uruguayan</marc:subfield>
            <marc:subfield code="y">21st century.</marc:subfield>
        </marc:datafield>
        <marc:datafield tag="650" ind1=" " ind2="7">
            <marc:subfield code="a">COVID-19 (Disease)</marc:subfield>
            <marc:subfield code="2">fast</marc:subfield>
            <marc:subfield code="0">(OCoLC)fst01984643</marc:subfield>
        </marc:datafield>
        <marc:datafield tag="650" ind1=" " ind2="7">
            <marc:subfield code="a">Short stories, Uruguayan.</marc:subfield>
            <marc:subfield code="2">fast</marc:subfield>
            <marc:subfield code="0">(OCoLC)fst01117423</marc:subfield>
        </marc:datafield>
        <marc:datafield tag="655" ind1=" " ind2="7">
            <marc:subfield code="a">Fiction.</marc:subfield>
            <marc:subfield code="2">fast</marc:subfield>
            <marc:subfield code="0">(OCoLC)fst01423787</marc:subfield>
        </marc:datafield>
        <marc:datafield tag="830" ind1=" " ind2="0">
            <marc:subfield code="a">Colección ñ (Editorial Fin de Siglo)</marc:subfield>
        </marc:datafield>
    </marc:record>