
    <marc:record>
        <marc:leader>06572cam a22004575i 4500</marc:leader>
        <marc:controlfield tag="001">21742546</marc:controlfield>
        <marc:controlfield tag="003">LC</marc:controlfield>
        <marc:controlfield tag="005">20220209140932.0</marc:controlfield>
        <marc:controlfield tag="008">201002s2021    caua     b    001 0 eng d</marc:controlfield>
        <marc:datafield tag="010" ind1=" " ind2=" ">
            <marc:subfield code="a">  2020947296</marc:subfield>
        </marc:datafield>
        <marc:datafield tag="015" ind1=" " ind2=" ">
            <marc:subfield code="a">GBC1E5111</marc:subfield>
            <marc:subfield code="2">bnb</marc:subfield>
        </marc:datafield>
        <marc:datafield tag="016" ind1="7" ind2=" ">
            <marc:subfield code="a">020312139</marc:subfield>
            <marc:subfield code="2">Uk</marc:subfield>
        </marc:datafield>
        <marc:datafield tag="020" ind1=" " ind2=" ">
            <marc:subfield code="a">1629638838</marc:subfield>
            <marc:subfield code="q">paperback</marc:subfield>
        </marc:datafield>
        <marc:datafield tag="020" ind1=" " ind2=" ">
            <marc:subfield code="a">162963932X</marc:subfield>
            <marc:subfield code="q">hardcover</marc:subfield>
        </marc:datafield>
        <marc:datafield tag="020" ind1=" " ind2=" ">
            <marc:subfield code="a">9781629638836</marc:subfield>
            <marc:subfield code="q">paperback</marc:subfield>
        </marc:datafield>
        <marc:datafield tag="020" ind1=" " ind2=" ">
            <marc:subfield code="a">9781629639321</marc:subfield>
            <marc:subfield code="q">hardcover</marc:subfield>
        </marc:datafield>
        <marc:datafield tag="020" ind1=" " ind2=" ">
            <marc:subfield code="z">9781629639024</marc:subfield>
            <marc:subfield code="q">electronic publication</marc:subfield>
        </marc:datafield>
        <marc:datafield tag="035" ind1=" " ind2=" ">
            <marc:subfield code="a">(OCoLC)on1268131153</marc:subfield>
        </marc:datafield>
        <marc:datafield tag="040" ind1=" " ind2=" ">
            <marc:subfield code="a">UKMGB</marc:subfield>
            <marc:subfield code="b">eng</marc:subfield>
            <marc:subfield code="c">UKMGB</marc:subfield>
            <marc:subfield code="e">rda</marc:subfield>
            <marc:subfield code="d">OCLCO</marc:subfield>
            <marc:subfield code="d">UKMGB</marc:subfield>
            <marc:subfield code="d">OCLCF</marc:subfield>
            <marc:subfield code="d">MNG</marc:subfield>
            <marc:subfield code="d">TXA</marc:subfield>
            <marc:subfield code="d">CDS</marc:subfield>
            <marc:subfield code="d">YDX</marc:subfield>
            <marc:subfield code="d">OCLCO</marc:subfield>
            <marc:subfield code="d">OCL</marc:subfield>
            <marc:subfield code="d">YDX</marc:subfield>
            <marc:subfield code="d">DLC</marc:subfield>
        </marc:datafield>
        <marc:datafield tag="042" ind1=" " ind2=" ">
            <marc:subfield code="a">lccopycat</marc:subfield>
        </marc:datafield>
        <marc:datafield tag="082" ind1="0" ind2="4">
            <marc:subfield code="a">809.3876209045</marc:subfield>
            <marc:subfield code="2">23</marc:subfield>
        </marc:datafield>
        <marc:datafield tag="097" ind1="0" ind2="0">
            <marc:subfield code="a">PN3433.6</marc:subfield>
            <marc:subfield code="b">.D36 2021</marc:subfield>
        </marc:datafield>
        <marc:datafield tag="245" ind1="0" ind2="0">
            <marc:subfield code="a">Dangerous visions and new worlds :</marc:subfield>
            <marc:subfield code="b">radical science fiction, 1950 to 1985  /</marc:subfield>
            <marc:subfield code="c">edited by Andrew Nette and Iain McIntyre.</marc:subfield>
        </marc:datafield>
        <marc:datafield tag="264" ind1=" " ind2="1">
            <marc:subfield code="a">Oakland, CA :</marc:subfield>
            <marc:subfield code="b">PM Press,</marc:subfield>
            <marc:subfield code="c">[2021]</marc:subfield>
        </marc:datafield>
        <marc:datafield tag="300" ind1=" " ind2=" ">
            <marc:subfield code="a">216 pages :</marc:subfield>
            <marc:subfield code="b">chiefly color illustrations ;</marc:subfield>
            <marc:subfield code="c">26 cm</marc:subfield>
        </marc:datafield>
        <marc:datafield tag="336" ind1=" " ind2=" ">
            <marc:subfield code="a">text</marc:subfield>
            <marc:subfield code="b">txt</marc:subfield>
            <marc:subfield code="2">rdacontent</marc:subfield>
            <marc:subfield code="0">http://rdaregistry.info/termList/RDAContentType/1020</marc:subfield>
        </marc:datafield>
        <marc:datafield tag="337" ind1=" " ind2=" ">
            <marc:subfield code="a">unmediated</marc:subfield>
            <marc:subfield code="b">n</marc:subfield>
            <marc:subfield code="2">rdamedia</marc:subfield>
            <marc:subfield code="0">http://rdaregistry.info/termList/RDAMediaType/1007</marc:subfield>
        </marc:datafield>
        <marc:datafield tag="338" ind1=" " ind2=" ">
            <marc:subfield code="a">volume</marc:subfield>
            <marc:subfield code="b">nc</marc:subfield>
            <marc:subfield code="2">rdacarrier</marc:subfield>
            <marc:subfield code="0">http://rdaregistry.info/termList/RDACarrierType/1049</marc:subfield>
        </marc:datafield>
        <marc:datafield tag="504" ind1=" " ind2=" ">
            <marc:subfield code="a">Includes bibliographical references and index.</marc:subfield>
        </marc:datafield>
        <marc:datafield tag="505" ind1="0" ind2="0">
            <marc:subfield code="t">Dangerous Visions and New Worlds : An Introduction /</marc:subfield>
            <marc:subfield code="r">Iain McIntyre and Andrew Nette --</marc:subfield>
            <marc:subfield code="t">Imagining New Worlds : Sci-Fi and the Vietnam War /</marc:subfield>
            <marc:subfield code="r">Rjurik Davidson --</marc:subfield>
            <marc:subfield code="t">Sextrapolation in New Wave Science Fiction /</marc:subfield>
            <marc:subfield code="r">Rob Latham --</marc:subfield>
            <marc:subfield code="t">Radioactive Nightmares : Nuclear War in Science Fiction /</marc:subfield>
            <marc:subfield code="r">Andrew Nette --</marc:subfield>
            <marc:subfield code="t">On Earth the Air Is Free : The Feminist Science Fiction of Judith Merril /</marc:subfield>
            <marc:subfield code="r">Kat Clay --</marc:subfield>
            <marc:subfield code="t">Women and Children First! John Wyndham and Second-Wave Feminism /</marc:subfield>
            <marc:subfield code="r">David Curcio --</marc:subfield>
            <marc:subfield code="t">Bursting through the Boundaries : New Worlds Magazine /</marc:subfield>
            <marc:subfield code="r">Iain McIntyre --</marc:subfield>
            <marc:subfield code="t">Vast Active Living (Possibly) Insane System : Paranoia and Anti authoritarianism in the Work of Philip K. Dick /</marc:subfield>
            <marc:subfield code="r">Erica L. Satifka --</marc:subfield>
            <marc:subfield code="t">Flying Saucers and Black Power : Joseph Denis Jackson's 1967 Insurrectionist Novel The Black Commandos /</marc:subfield>
            <marc:subfield code="r">Iain McIntyre --</marc:subfield>
            <marc:subfield code="t">Doomwatchers : Calamity and Catastrophe in UK Television Novelizations /</marc:subfield>
            <marc:subfield code="r">Iain McIntyre --</marc:subfield>
            <marc:subfield code="t">The Energy Exhibition : Radical Science Fiction in the 1960s /</marc:subfield>
            <marc:subfield code="r">Hicolas Tredell --</marc:subfield>
            <marc:subfield code="t">&quot;We change-and the whole world changes&quot; : Samuel R. Delany's Heavenly Breakfast in Context /</marc:subfield>
            <marc:subfield code="r">Daniel Shank Cruz --</marc:subfield>
            <marc:subfield code="t">Flawed Ancients, New Gods, and Interstellar Missionaries : Religion in Postwar SF /</marc:subfield>
            <marc:subfield code="r">Iain McIntyre --</marc:subfield>
            <marc:subfield code="t">Speculative Fuckbooks : The Brief Life of Essex House, 1968-1969 /</marc:subfield>
            <marc:subfield code="r">Rebecca Baumann --</marc:subfield>
            <marc:subfield code="t">God Does, Perhaps? The Unlikely New Wave SF of R.A. Lafferty /</marc:subfield>
            <marc:subfield code="r">Nick Mamatas --</marc:subfield>
            <marc:subfield code="t">The Tasty Worlds of Jerry Cornelius /</marc:subfield>
            <marc:subfield code="r">Andrew Nette --</marc:subfield>
            <marc:subfield code="t">Hank Lopez's Afro-6 /</marc:subfield>
            <marc:subfield code="r">Brian Greene --</marc:subfield>
            <marc:subfield code="t">&quot;The Hell with Heroes&quot; : Rebellion and Responsibility in Roger Zelazny's Damnation Alley /</marc:subfield>
            <marc:subfield code="r">Kelly Roberts --</marc:subfield>
            <marc:subfield code="t">Eco-Death : Catastrophe and Survival in 1960s and 1970s Science Fiction/</marc:subfield>
            <marc:subfield code="r">Iain McIntyre --</marc:subfield>
            <marc:subfield code="t">Stepford Wives and Supercomputers The Science Fiction of Ira Levin /</marc:subfield>
            <marc:subfield code="r">Andrew Nette --</marc:subfield>
            <marc:subfield code="t">&quot;Houston, we've had a problem&quot; : Technology, Mental Breakdown and the Science Fiction of Barry Malzberg /</marc:subfield>
            <marc:subfield code="r">Andrew Nette --</marc:subfield>
            <marc:subfield code="t">The Stars My Destination : The Future According to Gay Adult Science Fiction Novels of the 1970s /</marc:subfield>
            <marc:subfield code="r">Maitland McDonagh --</marc:subfield>
            <marc:subfield code="t">Higher than a Rocket Ship: Drugs in SF /</marc:subfield>
            <marc:subfield code="r">Iain McIntyre --</marc:subfield>
            <marc:subfield code="t">Freedom in the Mind  : Louise Lawrence's Andra /</marc:subfield>
            <marc:subfield code="r">Andrew Nette --</marc:subfield>
            <marc:subfield code="t">Mick Farren : Fomenting the Rock Apocalypse /</marc:subfield>
            <marc:subfield code="r">Mike Stax --</marc:subfield>
            <marc:subfield code="t">Green Deaths and Time Warriors : Doctor Who Serials and Novelizations in the 1970s /</marc:subfield>
            <marc:subfield code="r">Iain McIntyre --</marc:subfield>
            <marc:subfield code="t">A New Wave in the East : The Strugatsky Brothers and Radical Sci-fi in Soviet Russia /</marc:subfield>
            <marc:subfield code="r">Scott Adlerberg --</marc:subfield>
            <marc:subfield code="t">The Future Is Going to Be Boring : The SF Present of J.G. Ballard /</marc:subfield>
            <marc:subfield code="r">Cameron Ashley --</marc:subfield>
            <marc:subfield code="t">By Any Means Necessary : Revolution and Rebellion in 1960s and 1970s Science Fiction /</marc:subfield>
            <marc:subfield code="r">Andrew Nette --</marc:subfield>
            <marc:subfield code="t">Performative Gender and SF : The Strange but True Case of Alice Sheldon and James Tiptree Jr. /</marc:subfield>
            <marc:subfield code="r">Lucy Sussex --</marc:subfield>
            <marc:subfield code="t">Coming of Age between Apocalypses : Young Adult Fiction and the End of the World /</marc:subfield>
            <marc:subfield code="r">Molly Grattan --</marc:subfield>
            <marc:subfield code="t">Crowded Worlds and False Dawns : 1970s Dystopian Science Fiction /</marc:subfield>
            <marc:subfield code="r">Andrew Nette --</marc:subfield>
            <marc:subfield code="t">Cosmic Bond, Super Lover : William Bloom's Qhe! Series /</marc:subfield>
            <marc:subfield code="r">Iain McIntyre --</marc:subfield>
            <marc:subfield code="t">Feminist Future:  Time Travel in Marge Piercy's Woman on the Edge of Time /</marc:subfield>
            <marc:subfield code="r">Kirsten Bussiere --</marc:subfield>
            <marc:subfield code="t">Who Are the Beasts? Animals in Science Fiction /</marc:subfield>
            <marc:subfield code="r">Andrew Nette --</marc:subfield>
            <marc:subfield code="t">The Moons of Le Guin and Heinlein /</marc:subfield>
            <marc:subfield code="r">Donna Glee Williams --</marc:subfield>
            <marc:subfield code="t">Black Star: The Life and Work of Octavia Butler /</marc:subfield>
            <marc:subfield code="r">Michael A. Gonzales --</marc:subfield>
            <marc:subfield code="t">Herland: The Women's Press and Science Fiction /</marc:subfield>
            <marc:subfield code="r">Iain McIntyre.</marc:subfield>
        </marc:datafield>
        <marc:datafield tag="520" ind1=" " ind2=" ">
            <marc:subfield code="a">In the period of major social change that spanned the 1950s through the 1970s, science fiction became an ideal vessel to illustrate a multifaceted upsurge of radical protest, with its focus on speculation, alternate worlds, and the future. Dangerous Visions and New Worlds details, celebrates, and evaluates how science fiction novels and authors depicted, interacted with, and were inspired by these cultural and political movements in America and Great Britain. It starts with progressive authors who rose to prominence in the conservative 1950s, challenging the era's narratives of technological breakthroughs and space-conquering male heroes, then moves through the 1960s, when authors shattered existing writing conventions and incorporated contemporary themes such as modern mass media culture, corporate control, state surveillance, the Vietnam War, and rising currents of counterculture, ecological awareness, feminism, sexual liberation, and Black Power. The 1970s, when the genre reflected the end of various dreams of the &quot;long Sixties,&quot; is also explored along with the first half of the 1980s, which gave rise to new subgenres. --</marc:subfield>
            <marc:subfield code="c">Provided by publisher.</marc:subfield>
        </marc:datafield>
        <marc:datafield tag="650" ind1=" " ind2="0">
            <marc:subfield code="a">Radicalism in literature.</marc:subfield>
        </marc:datafield>
        <marc:datafield tag="650" ind1=" " ind2="0">
            <marc:subfield code="a">Science fiction</marc:subfield>
            <marc:subfield code="x">History and criticism</marc:subfield>
            <marc:subfield code="y">20th century.</marc:subfield>
        </marc:datafield>
        <marc:datafield tag="650" ind1=" " ind2="0">
            <marc:subfield code="a">Social movements in literature.</marc:subfield>
        </marc:datafield>
        <marc:datafield tag="650" ind1=" " ind2="7">
            <marc:subfield code="a">Radicalism in literature.</marc:subfield>
            <marc:subfield code="2">fast</marc:subfield>
            <marc:subfield code="0">(OCoLC)fst01087035</marc:subfield>
        </marc:datafield>
        <marc:datafield tag="650" ind1=" " ind2="7">
            <marc:subfield code="a">Science fiction.</marc:subfield>
            <marc:subfield code="2">fast</marc:subfield>
            <marc:subfield code="0">(OCoLC)fst01108566</marc:subfield>
        </marc:datafield>
        <marc:datafield tag="650" ind1=" " ind2="7">
            <marc:subfield code="a">Social movements in literature.</marc:subfield>
            <marc:subfield code="2">fast</marc:subfield>
            <marc:subfield code="0">(OCoLC)fst01122677</marc:subfield>
        </marc:datafield>
        <marc:datafield tag="655" ind1=" " ind2="7">
            <marc:subfield code="a">Criticism, interpretation, etc.</marc:subfield>
            <marc:subfield code="2">fast</marc:subfield>
            <marc:subfield code="0">(OCoLC)fst01411635</marc:subfield>
        </marc:datafield>
        <marc:datafield tag="700" ind1="1" ind2=" ">
            <marc:subfield code="a">McIntyre, Iain</marc:subfield>
            <marc:subfield code="d">1970-</marc:subfield>
            <marc:subfield code="e">editor</marc:subfield>
            <marc:subfield code="4">edt</marc:subfield>
            <marc:subfield code="4">edc</marc:subfield>
            <marc:subfield code="4">http://rdaregistry.info/Elements/m/object/P30267</marc:subfield>
            <marc:subfield code="1">http://example.org/person/mcintyreiain</marc:subfield>
        </marc:datafield>
        <marc:datafield tag="700" ind1="1" ind2=" ">
            <marc:subfield code="a">Nette, Andrew</marc:subfield>
            <marc:subfield code="e">editor</marc:subfield>
            <marc:subfield code="4">edt</marc:subfield>
            <marc:subfield code="4">edc</marc:subfield>
            <marc:subfield code="4">http://rdaregistry.info/Elements/m/object/P30267</marc:subfield>
            <marc:subfield code="1">http://example.org/person/netteandrew</marc:subfield>
        </marc:datafield>
        <marc:datafield tag="776" ind1="0" ind2="8">
            <marc:subfield code="i">ebook version :</marc:subfield>
            <marc:subfield code="z">9781629639024</marc:subfield>
        </marc:datafield>
    </marc:record>