
    <marc:record>
        <marc:leader>03998cam a2200397 i 4500</marc:leader>
        <marc:controlfield tag="001">20496427</marc:controlfield>
        <marc:controlfield tag="003">LC</marc:controlfield>
        <marc:controlfield tag="005">20200127103630.0</marc:controlfield>
        <marc:controlfield tag="008">180515s2018    enka     bkq  001 0deng  </marc:controlfield>
        <marc:datafield tag="010" ind1=" " ind2=" ">
            <marc:subfield code="a">  2018023178</marc:subfield>
        </marc:datafield>
        <marc:datafield tag="020" ind1=" " ind2=" ">
            <marc:subfield code="a">9781786603340</marc:subfield>
            <marc:subfield code="q">hardcover</marc:subfield>
            <marc:subfield code="q">alkaline paper</marc:subfield>
        </marc:datafield>
        <marc:datafield tag="020" ind1=" " ind2=" ">
            <marc:subfield code="a">9781786603357</marc:subfield>
            <marc:subfield code="q">paperback</marc:subfield>
            <marc:subfield code="q">alkaline paper</marc:subfield>
        </marc:datafield>
        <marc:datafield tag="020" ind1=" " ind2=" ">
            <marc:subfield code="z">9781786603364</marc:subfield>
        </marc:datafield>
        <marc:datafield tag="040" ind1=" " ind2=" ">
            <marc:subfield code="a">DLC</marc:subfield>
            <marc:subfield code="b">eng</marc:subfield>
            <marc:subfield code="c">DLC</marc:subfield>
            <marc:subfield code="e">rda</marc:subfield>
            <marc:subfield code="d">DLC</marc:subfield>
        </marc:datafield>
        <marc:datafield tag="042" ind1=" " ind2=" ">
            <marc:subfield code="a">pcc</marc:subfield>
        </marc:datafield>
        <marc:datafield tag="043" ind1=" " ind2=" ">
            <marc:subfield code="a">e-uk-en</marc:subfield>
        </marc:datafield>
        <marc:datafield tag="050" ind1="0" ind2="0">
            <marc:subfield code="a">ML421.J696</marc:subfield>
            <marc:subfield code="b">H43 2018</marc:subfield>
        </marc:datafield>
        <marc:datafield tag="082" ind1="0" ind2="0">
            <marc:subfield code="a">782.42166092/2</marc:subfield>
            <marc:subfield code="2">23</marc:subfield>
        </marc:datafield>
        <marc:datafield tag="245" ind1="0" ind2="0">
            <marc:subfield code="a">Heart and soul :</marc:subfield>
            <marc:subfield code="b">critical essays on Joy Division /</marc:subfield>
            <marc:subfield code="c">edited by Eoin Devereux, Martin J. Power and Aileen Dillane.</marc:subfield>
        </marc:datafield>
        <marc:datafield tag="264" ind1=" " ind2="1">
            <marc:subfield code="a">London ;</marc:subfield>
            <marc:subfield code="a">New York :</marc:subfield>
            <marc:subfield code="b">Rowman and Littlefield International,</marc:subfield>
            <marc:subfield code="c">2018.</marc:subfield>
        </marc:datafield>
        <marc:datafield tag="300" ind1=" " ind2=" ">
            <marc:subfield code="a">xxix, 314 pages :</marc:subfield>
            <marc:subfield code="b">illustrations ;</marc:subfield>
            <marc:subfield code="c">23 cm.</marc:subfield>
        </marc:datafield>
        <marc:datafield tag="336" ind1=" " ind2=" ">
            <marc:subfield code="a">text</marc:subfield>
            <marc:subfield code="b">txt</marc:subfield>
            <marc:subfield code="2">rdacontent</marc:subfield>
            <marc:subfield code="0">http://rdaregistry.info/termList/RDAContentType/1020</marc:subfield>
        </marc:datafield>
        <marc:datafield tag="337" ind1=" " ind2=" ">
            <marc:subfield code="a">unmediated</marc:subfield>
            <marc:subfield code="b">n</marc:subfield>
            <marc:subfield code="2">rdamedia</marc:subfield>
            <marc:subfield code="0">http://rdaregistry.info/termList/RDAMediaType/1007</marc:subfield>
        </marc:datafield>
        <marc:datafield tag="338" ind1=" " ind2=" ">
            <marc:subfield code="a">volume</marc:subfield>
            <marc:subfield code="b">nc</marc:subfield>
            <marc:subfield code="2">rdacarrier</marc:subfield>
            <marc:subfield code="0">http://rdaregistry.info/termList/RDACarrierType/1049</marc:subfield>
        </marc:datafield>
        <marc:datafield tag="380" ind1=" " ind2=" ">
            <marc:subfield code="a">Discography</marc:subfield>
        </marc:datafield>
        <marc:datafield tag="380" ind1=" " ind2=" ">
            <marc:subfield code="a">Filmography</marc:subfield>
        </marc:datafield>
        <marc:datafield tag="490" ind1="0" ind2=" ">
            <marc:subfield code="a">Popular musics matter: social, political and cultural interventions</marc:subfield>
        </marc:datafield>
        <marc:datafield tag="504" ind1=" " ind2=" ">
            <marc:subfield code="a">Includes bibliographical references ( pages 271-301), discography/filmography (pages 267-270) and index.</marc:subfield>
        </marc:datafield>
        <marc:datafield tag="505" ind1="0" ind2=" ">
            <marc:subfield code="a">Introduction: This Is the way, step inside: understanding Joy Division -- Part 1. Dead souls : hauntology and Faustian contracts. Missions of dead souls : a hauntology of the industrial, modernism and esotericism in the music of Joy Division / Michael Goddard. Tony Wilson's bloody contract : a re-enactment of the Faustian bargain / Dan Jacobson and Ian Jeffrey -- Part 2. Ballard, Burroughs, Dostoevsky and Gogol : literary (and visual) influences on Joy Division. Trying to find a clue, trying to find a way to get out! : the European imaginary of Joy Division / Giancomo Bottáa. Literary influences on Joy Division : J. G. Ballard, Franz Kafka, Dostoevsky / Sara Martâinez. &quot;Possessed by a fury that burns from inside&quot; : on Ian Curtis's lyrics / Uwe Schèutte -- Part 3. Joy Division and mental health. In a lonely place : illness and the temporal exile of Ian Curtis / Tiffany Naiman. Communication breakdown : inarticulacy and the significance of &quot;transmission&quot; / J. Rubâen Valdâes Miyares. This is the crisis I knew had to come : revisiting Ian Curtis's suicide / Erin Devereux, Walter Cullen and David Meagher -- Part 4. Interzone : sounds, images and style. Joy Division in space : the aesthetics of estrangement / Robin Parmar. Manchester, Martin Hannett and Joy Division's pungent architecture / John S. Greenwood and Paul Tarpey. Nothing here now but the recordings : the moving image record of Joy Division and the Factory Video Unit / Nick Cope -- Part 5. Cultural legacies. Mining for counterculture / Colin Malcolm. &quot;I hung around in your soundtrack&quot; : affinities with Joy Division among contemporary Iranian musicians / Gay Jennifer Breyley. As if it never happened : the posteconomy of Joy Division and Ian Curtis / Jennifer Otter Bickerdike -- Part 6. Temptation, transmission and transitions. Things that aren't there : spectral presences in musical absences : the transition from Joy Division to New Order / Kieran Cashell.</marc:subfield>
        </marc:datafield>
        <marc:datafield tag="610" ind1="2" ind2="0">
            <marc:subfield code="a">Joy Division (Musical group)</marc:subfield>
        </marc:datafield>
        <marc:datafield tag="650" ind1=" " ind2="0">
            <marc:subfield code="a">Post-punk music</marc:subfield>
            <marc:subfield code="z">England</marc:subfield>
            <marc:subfield code="x">History and criticism.</marc:subfield>
        </marc:datafield>
        <marc:datafield tag="650" ind1=" " ind2="0">
            <marc:subfield code="a">Rock music</marc:subfield>
            <marc:subfield code="z">England</marc:subfield>
            <marc:subfield code="y">1971-1980</marc:subfield>
            <marc:subfield code="x">History and criticism.</marc:subfield>
        </marc:datafield>
        <marc:datafield tag="700" ind1="1" ind2=" ">
            <marc:subfield code="a">Devereux, Eoin</marc:subfield>
            <marc:subfield code="e">editor</marc:subfield>
            <marc:subfield code="4">edt</marc:subfield>
            <marc:subfield code="4">edc</marc:subfield>
            <marc:subfield code="4">http://rdaregistry.info/Elements/m/object/P30267</marc:subfield>
            <marc:subfield code="1">http://example.org/person/devereuxeoin</marc:subfield>
        </marc:datafield>
        <marc:datafield tag="700" ind1="1" ind2=" ">
            <marc:subfield code="a">Dillane, Aileen</marc:subfield>
            <marc:subfield code="e">editor</marc:subfield>
            <marc:subfield code="4">edt</marc:subfield>
            <marc:subfield code="4">edc</marc:subfield>
            <marc:subfield code="4">http://rdaregistry.info/Elements/m/object/P30267</marc:subfield>
            <marc:subfield code="1">http://example.org/person/dillaneaileen</marc:subfield>
        </marc:datafield>
        <marc:datafield tag="700" ind1="1" ind2=" ">
            <marc:subfield code="a">Power, Martin J.</marc:subfield>
            <marc:subfield code="e">editor</marc:subfield>
            <marc:subfield code="4">edt</marc:subfield>
            <marc:subfield code="4">edc</marc:subfield>
            <marc:subfield code="4">http://rdaregistry.info/Elements/m/object/P30267</marc:subfield>
            <marc:subfield code="1">http://example.org/person/powermartinj</marc:subfield>
        </marc:datafield>
        <marc:datafield tag="776" ind1="0" ind2="8">
            <marc:subfield code="i">Online version:</marc:subfield>
            <marc:subfield code="t">Heart and soul</marc:subfield>
            <marc:subfield code="d">London ; New York : Rowman &amp; Littlefield International, 2018</marc:subfield>
            <marc:subfield code="z">9781786603364</marc:subfield>
            <marc:subfield code="w">(DLC) 2018025393</marc:subfield>
        </marc:datafield>
    </marc:record>