
    <marc:record>
        <marc:leader>02979cam a2200457 a 4500</marc:leader>
        <marc:controlfield tag="001">623237</marc:controlfield>
        <marc:controlfield tag="003">LC</marc:controlfield>
        <marc:controlfield tag="005">20140625101154.0</marc:controlfield>
        <marc:controlfield tag="008">920519s1991    nyu           000 1 eng  </marc:controlfield>
        <marc:datafield tag="010" ind1=" " ind2=" ">
            <marc:subfield code="a">   92162118 </marc:subfield>
        </marc:datafield>
        <marc:datafield tag="020" ind1=" " ind2=" ">
            <marc:subfield code="a">0886774659 :</marc:subfield>
            <marc:subfield code="c">$4.50 ($5.95 Can.)</marc:subfield>
        </marc:datafield>
        <marc:datafield tag="035" ind1=" " ind2=" ">
            <marc:subfield code="9">(DLC)   92162118</marc:subfield>
        </marc:datafield>
        <marc:datafield tag="040" ind1=" " ind2=" ">
            <marc:subfield code="a">DLC</marc:subfield>
            <marc:subfield code="c">DLC</marc:subfield>
            <marc:subfield code="d">DLC</marc:subfield>
        </marc:datafield>
        <marc:datafield tag="050" ind1="0" ind2="0">
            <marc:subfield code="a">PS648.S3</marc:subfield>
            <marc:subfield code="b">I7983 1991</marc:subfield>
        </marc:datafield>
        <marc:datafield tag="082" ind1="0" ind2="0">
            <marc:subfield code="a">813/.0876208</marc:subfield>
            <marc:subfield code="2">20</marc:subfield>
        </marc:datafield>
        <marc:datafield tag="245" ind1="0" ind2="0">
            <marc:subfield code="a">Isaac Asimov presents the great SF stories #22 (1959) /</marc:subfield>
            <marc:subfield code="c">edited by Isaac Asimov and Martin H. Greenberg.</marc:subfield>
        </marc:datafield>
        <marc:datafield tag="260" ind1=" " ind2=" ">
            <marc:subfield code="a">New York, NY :</marc:subfield>
            <marc:subfield code="b">DAW Books,</marc:subfield>
            <marc:subfield code="c">c1991.</marc:subfield>
        </marc:datafield>
        <marc:datafield tag="300" ind1=" " ind2=" ">
            <marc:subfield code="a">351 pages ;</marc:subfield>
            <marc:subfield code="c">18 cm.</marc:subfield>
        </marc:datafield>
        <marc:datafield tag="336" ind1=" " ind2=" ">
            <marc:subfield code="a">text</marc:subfield>
            <marc:subfield code="2">rdacontent</marc:subfield>
            <marc:subfield code="0">http://rdaregistry.info/termList/RDAContentType/1020</marc:subfield>
        </marc:datafield>
        <marc:datafield tag="337" ind1=" " ind2=" ">
            <marc:subfield code="a">unmediated</marc:subfield>
            <marc:subfield code="2">rdamedia</marc:subfield>
            <marc:subfield code="0">http://rdaregistry.info/termList/RDAMediaType/1007</marc:subfield>
        </marc:datafield>
        <marc:datafield tag="338" ind1=" " ind2=" ">
            <marc:subfield code="a">volume</marc:subfield>
            <marc:subfield code="2">rdacarrier</marc:subfield>
            <marc:subfield code="0">http://rdaregistry.info/termList/RDACarrierType/1049</marc:subfield>
        </marc:datafield>
        <marc:datafield tag="380" ind1=" " ind2=" ">
            <marc:subfield code="a">Språkbasert verk</marc:subfield>
            <marc:subfield code="1">https://schema.nb.no/Bibliographic/Values/V1000</marc:subfield>
        </marc:datafield>
        <marc:datafield tag="440" ind1=" " ind2="0">
            <marc:subfield code="a">DAW book collectors ;</marc:subfield>
            <marc:subfield code="v">no. 842</marc:subfield>
        </marc:datafield>
        <marc:datafield tag="505" ind1="0" ind2=" ">
            <marc:subfield code="a">Mariana / Friez Leiber -- The day the icicle works closed / Frederick Pohl -- The fellow who married the Maxill girl / Ward Moore -- Mine own ways / Richard McKenna -- Make mine-- homogenized / Rich Raphael -- The lady who sailed The soul -- I remember Babylon / Arthur C. Clarke -- Chief / Henry Slesar -- Mind partner / Christopher Anvil -- The handler / Damon Knight -- The voices of time / J.G. Ballard.</marc:subfield>
        </marc:datafield>
        <marc:datafield tag="650" ind1=" " ind2="0">
            <marc:subfield code="a">Science fiction, American.</marc:subfield>
        </marc:datafield>
        <marc:datafield tag="650" ind1=" " ind2="0">
            <marc:subfield code="a">Science fiction, English.</marc:subfield>
        </marc:datafield>
        <marc:datafield tag="700" ind1=" " ind2="2">
            <marc:subfield code="a">Anvil, Christopher</marc:subfield>
            <marc:subfield code="t">Mind partner</marc:subfield>
            <marc:subfield code="1">http://www.isfdb.org/cgi-bin/title.cgi?41153</marc:subfield>
        </marc:datafield>
        <marc:datafield tag="700" ind1=" " ind2="2">
            <marc:subfield code="a">Ballard, J. G.</marc:subfield>
            <marc:subfield code="d">1930-2009</marc:subfield>
            <marc:subfield code="t">The voices of time</marc:subfield>
            <marc:subfield code="1">http://www.isfdb.org/cgi-bin/title.cgi?40816</marc:subfield>
        </marc:datafield>
        <marc:datafield tag="700" ind1=" " ind2="2">
            <marc:subfield code="a">Clarke, Arthur C.</marc:subfield>
            <marc:subfield code="t">I remember Babylon</marc:subfield>
            <marc:subfield code="1">http://www.isfdb.org/cgi-bin/title.cgi?41299</marc:subfield>
        </marc:datafield>
        <marc:datafield tag="700" ind1=" " ind2="2">
            <marc:subfield code="a">Knight, Damon</marc:subfield>
            <marc:subfield code="t">The handler</marc:subfield>
            <marc:subfield code="1">http://www.isfdb.org/cgi-bin/title.cgi?41339</marc:subfield>
        </marc:datafield>
        <marc:datafield tag="700" ind1=" " ind2="2">
            <marc:subfield code="a">McKenna, Richard</marc:subfield>
            <marc:subfield code="t">Mine own ways</marc:subfield>
            <marc:subfield code="1">http://www.isfdb.org/cgi-bin/title.cgi?41151</marc:subfield>
        </marc:datafield>
        <marc:datafield tag="700" ind1=" " ind2="2">
            <marc:subfield code="a">Moore, Ward</marc:subfield>
            <marc:subfield code="t">The fellow who married the Maxill girl</marc:subfield>
            <marc:subfield code="1">http://www.isfdb.org/cgi-bin/title.cgi?41407</marc:subfield>
        </marc:datafield>
        <marc:datafield tag="700" ind1=" " ind2="2">
            <marc:subfield code="a">Pohl, Frederik</marc:subfield>
            <marc:subfield code="t">The day the icicle works closed</marc:subfield>
            <marc:subfield code="1">http://www.isfdb.org/cgi-bin/title.cgi?41509</marc:subfield>
        </marc:datafield>
        <marc:datafield tag="700" ind1=" " ind2="2">
            <marc:subfield code="a">Raphael, Rich</marc:subfield>
            <marc:subfield code="t">Make mine homogenized</marc:subfield>
            <marc:subfield code="1">http://www.isfdb.org/cgi-bin/title.cgi?41185</marc:subfield>
        </marc:datafield>
        <marc:datafield tag="700" ind1=" " ind2="2">
            <marc:subfield code="a">Slesar, Henry</marc:subfield>
            <marc:subfield code="t">Chief</marc:subfield>
            <marc:subfield code="1">http://www.isfdb.org/cgi-bin/title.cgi?41563</marc:subfield>
        </marc:datafield>
        <marc:datafield tag="700" ind1=" " ind2="2">
            <marc:subfield code="a">Smith, Cordwainer</marc:subfield>
            <marc:subfield code="t">The lady who sailed the soul</marc:subfield>
            <marc:subfield code="1">http://www.isfdb.org/cgi-bin/title.cgi?1460247</marc:subfield>
        </marc:datafield>
        <marc:datafield tag="700" ind1="0" ind2="2">
            <marc:subfield code="a">Leiber, Friez</marc:subfield>
            <marc:subfield code="t">Mariana</marc:subfield>
            <marc:subfield code="1">http://www.isfdb.org/cgi-bin/title.cgi?41170</marc:subfield>
        </marc:datafield>
        <marc:datafield tag="700" ind1="1" ind2=" ">
            <marc:subfield code="a">Asimov, Isaac</marc:subfield>
            <marc:subfield code="d">1920-1992.</marc:subfield>
            <marc:subfield code="4">edc</marc:subfield>
            <marc:subfield code="4">edt</marc:subfield>
            <marc:subfield code="1">http://viaf.org/viaf/24597135</marc:subfield>
            <marc:subfield code="4">http://rdaregistry.info/Elements/m/object/P30267</marc:subfield>
        </marc:datafield>
        <marc:datafield tag="700" ind1="1" ind2=" ">
            <marc:subfield code="a">Greenberg, Martin Harry</marc:subfield>
            <marc:subfield code="4">edc</marc:subfield>
            <marc:subfield code="4">edt</marc:subfield>
            <marc:subfield code="1">http://viaf.org/viaf/108898602</marc:subfield>
            <marc:subfield code="4">http://rdaregistry.info/Elements/m/object/P30267</marc:subfield>
        </marc:datafield>
        <marc:datafield tag="740" ind1="0" ind2=" ">
            <marc:subfield code="a">Great SF stories #22 (1959)</marc:subfield>
        </marc:datafield>
        <marc:datafield tag="856" ind1="4" ind2="2">
            <marc:subfield code="3">Contributor biographical information</marc:subfield>
            <marc:subfield code="u">http://www.loc.gov/catdir/enhancements/fy1405/92162118-b.html</marc:subfield>
        </marc:datafield>
    </marc:record>