
    <marc:record>
        <marc:leader>02734cam a2200397 a 4500</marc:leader>
        <marc:controlfield tag="001">17845099</marc:controlfield>
        <marc:controlfield tag="003">LC</marc:controlfield>
        <marc:controlfield tag="005">20200901150404.0</marc:controlfield>
        <marc:controlfield tag="008">130808s2012    ne       b    001 0 eng d</marc:controlfield>
        <marc:datafield tag="010" ind1=" " ind2=" ">
            <marc:subfield code="a">  2013431852</marc:subfield>
        </marc:datafield>
        <marc:datafield tag="016" ind1="7" ind2=" ">
            <marc:subfield code="a">016149704</marc:subfield>
            <marc:subfield code="2">Uk</marc:subfield>
        </marc:datafield>
        <marc:datafield tag="020" ind1=" " ind2=" ">
            <marc:subfield code="a">9789042035577 (pbk.)</marc:subfield>
        </marc:datafield>
        <marc:datafield tag="020" ind1=" " ind2=" ">
            <marc:subfield code="a">9789401208321 (ebk.)</marc:subfield>
        </marc:datafield>
        <marc:datafield tag="035" ind1=" " ind2=" ">
            <marc:subfield code="a">(OCoLC)ocn806014595</marc:subfield>
        </marc:datafield>
        <marc:datafield tag="040" ind1=" " ind2=" ">
            <marc:subfield code="a">OHX</marc:subfield>
            <marc:subfield code="c">OHX</marc:subfield>
            <marc:subfield code="d">OCLCO</marc:subfield>
            <marc:subfield code="d">UKMGB</marc:subfield>
            <marc:subfield code="d">ERASA</marc:subfield>
            <marc:subfield code="d">BTCTA</marc:subfield>
            <marc:subfield code="d">HLS</marc:subfield>
            <marc:subfield code="d">OCLCO</marc:subfield>
            <marc:subfield code="d">CDX</marc:subfield>
            <marc:subfield code="d">YDXCP</marc:subfield>
            <marc:subfield code="d">BWX</marc:subfield>
            <marc:subfield code="d">MUU</marc:subfield>
            <marc:subfield code="d">DLC</marc:subfield>
        </marc:datafield>
        <marc:datafield tag="042" ind1=" " ind2=" ">
            <marc:subfield code="a">lccopycat</marc:subfield>
        </marc:datafield>
        <marc:datafield tag="050" ind1="0" ind2="0">
            <marc:subfield code="a">PR829</marc:subfield>
            <marc:subfield code="b">.M63 2012</marc:subfield>
        </marc:datafield>
        <marc:datafield tag="072" ind1=" " ind2="7">
            <marc:subfield code="a">PR</marc:subfield>
            <marc:subfield code="2">lcco</marc:subfield>
        </marc:datafield>
        <marc:datafield tag="082" ind1="0" ind2="4">
            <marc:subfield code="a">823.0109</marc:subfield>
            <marc:subfield code="2">23</marc:subfield>
        </marc:datafield>
        <marc:datafield tag="245" ind1="0" ind2="0">
            <marc:subfield code="a">Modernism, postmodernism, and the short story in English /</marc:subfield>
            <marc:subfield code="c">edited by Jorge Sacido.</marc:subfield>
        </marc:datafield>
        <marc:datafield tag="260" ind1=" " ind2=" ">
            <marc:subfield code="a">Amsterdam ;</marc:subfield>
            <marc:subfield code="a">New York, NY :</marc:subfield>
            <marc:subfield code="b">Rodopi,</marc:subfield>
            <marc:subfield code="c">2012.</marc:subfield>
        </marc:datafield>
        <marc:datafield tag="300" ind1=" " ind2=" ">
            <marc:subfield code="a">ix, 269 pages ;</marc:subfield>
            <marc:subfield code="c">23 cm.</marc:subfield>
        </marc:datafield>
        <marc:datafield tag="336" ind1=" " ind2=" ">
            <marc:subfield code="a">text</marc:subfield>
            <marc:subfield code="2">rdacontent</marc:subfield>
            <marc:subfield code="0">http://rdaregistry.info/termList/RDAContentType/1020</marc:subfield>
        </marc:datafield>
        <marc:datafield tag="337" ind1=" " ind2=" ">
            <marc:subfield code="a">unmediated</marc:subfield>
            <marc:subfield code="2">rdamedia</marc:subfield>
            <marc:subfield code="0">http://rdaregistry.info/termList/RDAMediaType/1007</marc:subfield>
        </marc:datafield>
        <marc:datafield tag="338" ind1=" " ind2=" ">
            <marc:subfield code="a">volume</marc:subfield>
            <marc:subfield code="2">rdacarrier</marc:subfield>
            <marc:subfield code="0">http://rdaregistry.info/termList/RDACarrierType/1049</marc:subfield>
        </marc:datafield>
        <marc:datafield tag="380" ind1=" " ind2=" ">
            <marc:subfield code="a">Språkbasert verk</marc:subfield>
            <marc:subfield code="1">https://schema.nb.no/Bibliographic/Values/V1000</marc:subfield>
        </marc:datafield>
        <marc:datafield tag="490" ind1="1" ind2=" ">
            <marc:subfield code="a">Postmodern studies ;</marc:subfield>
            <marc:subfield code="v">48</marc:subfield>
        </marc:datafield>
        <marc:datafield tag="500" ind1=" " ind2=" ">
            <marc:subfield code="a">Collection of texts published previously.</marc:subfield>
        </marc:datafield>
        <marc:datafield tag="500" ind1=" " ind2=" ">
            <marc:subfield code="a">Essays.</marc:subfield>
        </marc:datafield>
        <marc:datafield tag="504" ind1=" " ind2=" ">
            <marc:subfield code="a">Includes bibliographical references and index.</marc:subfield>
        </marc:datafield>
        <marc:datafield tag="505" ind1="0" ind2="0">
            <marc:subfield code="t">Modernism, postmodernism, and the short story in English /</marc:subfield>
            <marc:subfield code="r">Jorge Sacido --</marc:subfield>
            <marc:subfield code="g">I.</marc:subfield>
            <marc:subfield code="t">Refocusing &quot;modernism&quot; through the short story.</marc:subfield>
            <marc:subfield code="t">The short story and the difficulty of modernism /</marc:subfield>
            <marc:subfield code="r">Adrian Hunter ;</marc:subfield>
            <marc:subfield code="t">Allegory and fragmentation in Wyndham Lewis's The wild body and Djuna Barnes's A book /</marc:subfield>
            <marc:subfield code="r">José María Díaz --</marc:subfield>
            <marc:subfield code="g">II.</marc:subfield>
            <marc:subfield code="t">Subject vanishes: modernist contradiction, postmodernist effacement and the short story genre.</marc:subfield>
            <marc:subfield code="t">Man in a sidecar: madness, totality and narrative drive the short story /</marc:subfield>
            <marc:subfield code="r">Tim Armstrong ;</marc:subfield>
            <marc:subfield code="t">Stories, spectres, screens /</marc:subfield>
            <marc:subfield code="r">Fred Botting ;</marc:subfield>
            <marc:subfield code="t">The writing machine: J.G. Ballard in modern and postmodern short story theory /</marc:subfield>
            <marc:subfield code="r">Paul March-Russell --</marc:subfield>
            <marc:subfield code="g">III.</marc:subfield>
            <marc:subfield code="t">The subject reappears: postcolonial conflict and the other's stories.</marc:subfield>
            <marc:subfield code="t">Postmodernist tales from the couch /</marc:subfield>
            <marc:subfield code="r">Esther Sánchez-Pardo ;</marc:subfield>
            <marc:subfield code="t">Mind the gap: modernism in Salman Rushdie's postmodern short stories /</marc:subfield>
            <marc:subfield code="r">J. Manuel Barbeito and María Lozano ;</marc:subfield>
            <marc:subfield code="t">One anOther: Englishness in contemporary Irish short fiction /</marc:subfield>
            <marc:subfield code="r">Manuela Palacios --</marc:subfield>
            <marc:subfield code="g">IV.</marc:subfield>
            <marc:subfield code="t">Short stories from the contemporary underground.</marc:subfield>
            <marc:subfield code="t">A move against the dinosaurs: the new puritans and the short story /</marc:subfield>
            <marc:subfield code="r">José Francisco Fernández.</marc:subfield>
        </marc:datafield>
        <marc:datafield tag="650" ind1=" " ind2="0">
            <marc:subfield code="a">Modernism (Literature)</marc:subfield>
        </marc:datafield>
        <marc:datafield tag="650" ind1=" " ind2="0">
            <marc:subfield code="a">Postmodernism (Literature)</marc:subfield>
        </marc:datafield>
        <marc:datafield tag="650" ind1=" " ind2="0">
            <marc:subfield code="a">Short stories, English</marc:subfield>
            <marc:subfield code="x">History and criticism.</marc:subfield>
        </marc:datafield>
        <marc:datafield tag="700" ind1="1" ind2=" ">
            <marc:subfield code="a">Sacido, Jorge</marc:subfield>
            <marc:subfield code="4">edt</marc:subfield>
            <marc:subfield code="4">edc</marc:subfield>
            <marc:subfield code="4">http://rdaregistry.info/Elements/m/object/P30267</marc:subfield>
            <marc:subfield code="1">http://example.org/person/sacidojorge</marc:subfield>
        </marc:datafield>
        <marc:datafield tag="830" ind1=" " ind2="0">
            <marc:subfield code="a">Postmodern studies ;</marc:subfield>
            <marc:subfield code="v">48.</marc:subfield>
        </marc:datafield>
    </marc:record>