
    <marc:record>
        <marc:leader>03292cam a2200361 i 4500</marc:leader>
        <marc:controlfield tag="001">18974413</marc:controlfield>
        <marc:controlfield tag="003">LC</marc:controlfield>
        <marc:controlfield tag="005">20161006093645.0</marc:controlfield>
        <marc:controlfield tag="008">160212s2016    ne a     b    001 0 eng  </marc:controlfield>
        <marc:datafield tag="010" ind1=" " ind2=" ">
            <marc:subfield code="a">  2015047189</marc:subfield>
        </marc:datafield>
        <marc:datafield tag="020" ind1=" " ind2=" ">
            <marc:subfield code="a">9789004302594 (hardback : alk. paper)</marc:subfield>
        </marc:datafield>
        <marc:datafield tag="020" ind1=" " ind2=" ">
            <marc:subfield code="z">9789004312074 (e-book)</marc:subfield>
        </marc:datafield>
        <marc:datafield tag="040" ind1=" " ind2=" ">
            <marc:subfield code="a">DLC</marc:subfield>
            <marc:subfield code="b">eng</marc:subfield>
            <marc:subfield code="c">DLC</marc:subfield>
            <marc:subfield code="e">rda</marc:subfield>
            <marc:subfield code="d">DLC</marc:subfield>
        </marc:datafield>
        <marc:datafield tag="042" ind1=" " ind2=" ">
            <marc:subfield code="a">pcc</marc:subfield>
        </marc:datafield>
        <marc:datafield tag="050" ind1="0" ind2="0">
            <marc:subfield code="a">PN55</marc:subfield>
            <marc:subfield code="b">.N37 2016</marc:subfield>
        </marc:datafield>
        <marc:datafield tag="082" ind1="0" ind2="0">
            <marc:subfield code="a">809/.933561</marc:subfield>
            <marc:subfield code="2">23</marc:subfield>
        </marc:datafield>
        <marc:datafield tag="245" ind1="0" ind2="0">
            <marc:subfield code="a">Narrating life :</marc:subfield>
            <marc:subfield code="b">experiments with human and animal bodies in literature, science and art /</marc:subfield>
            <marc:subfield code="c">edited by Stefan Herbrechter, Elisabeth Friis.</marc:subfield>
        </marc:datafield>
        <marc:datafield tag="264" ind1=" " ind2="1">
            <marc:subfield code="a">Leiden ;</marc:subfield>
            <marc:subfield code="a">Boston :</marc:subfield>
            <marc:subfield code="b">Brill Rodopi,</marc:subfield>
            <marc:subfield code="c">[2016]</marc:subfield>
        </marc:datafield>
        <marc:datafield tag="300" ind1=" " ind2=" ">
            <marc:subfield code="a">xiii, 335 pages :</marc:subfield>
            <marc:subfield code="b">illustrations (chiefly color) ;</marc:subfield>
            <marc:subfield code="c">25 cm.</marc:subfield>
        </marc:datafield>
        <marc:datafield tag="336" ind1=" " ind2=" ">
            <marc:subfield code="a">text</marc:subfield>
            <marc:subfield code="2">rdacontent</marc:subfield>
            <marc:subfield code="0">http://rdaregistry.info/termList/RDAContentType/1020</marc:subfield>
        </marc:datafield>
        <marc:datafield tag="337" ind1=" " ind2=" ">
            <marc:subfield code="a">unmediated</marc:subfield>
            <marc:subfield code="2">rdamedia</marc:subfield>
            <marc:subfield code="0">http://rdaregistry.info/termList/RDAMediaType/1007</marc:subfield>
        </marc:datafield>
        <marc:datafield tag="338" ind1=" " ind2=" ">
            <marc:subfield code="a">volume</marc:subfield>
            <marc:subfield code="2">rdacarrier</marc:subfield>
            <marc:subfield code="0">http://rdaregistry.info/termList/RDACarrierType/1049</marc:subfield>
        </marc:datafield>
        <marc:datafield tag="490" ind1="0" ind2=" ">
            <marc:subfield code="a">Experimental practices,</marc:subfield>
            <marc:subfield code="x">1873-8788 ;</marc:subfield>
            <marc:subfield code="v">volume 1</marc:subfield>
        </marc:datafield>
        <marc:datafield tag="504" ind1=" " ind2=" ">
            <marc:subfield code="a">Includes bibliographical references and index.</marc:subfield>
        </marc:datafield>
        <marc:datafield tag="505" ind1="0" ind2=" ">
            <marc:subfield code="a">Narrating-life: in lieu of an introduction / Stefan Herbrechter -- Fiction. From Lives/ David Wagner -- Narrating life in literature. In my core I have the strange impression that I don't belong to the human species: Clarice Lispector's Agua viva as life writing? / Elisabeth Friis -- Charting Solar Systems, Exoplanets and Earth 2.0 / Holly Henry -- Species Encounters: 0. Butler Meets Haraway Meets Deleuze and Guattari / Tom ldema -- Solid-State Fiction: J. G. Ballard and the Crystallization of Life / Moritz Ingwersen -- Dissonance, Data, and DNA: Aesthetics, Biopolitics and Transgenic Music in Richard Powers' Orfeo / Cristina Iuli -- &quot;Chromosomal Cuties&quot;, &quot;Fembots&quot;, a &quot;Chatty Cyber Trio&quot; or &quot;Cantankerous Clones&quot;? Lynn Hershman Leeson's Teknolust / Tania Nusser -- Submarine Experiments with Human Lives by Chrismoph -- Ransmayr- a waterman narrates / Manuela Rossini -- In Toxicating Languages of Bioinformatic Circulation: Poetics and Other &quot;Smallwork&quot; in The Flame Alphabet /  Laura Shackelford -- Life beyond &quot;critique&quot;: Murakami after Latour / Jeff Wallace -- Aporias of Survival: Kafka's Alien Incursion / Dominik Zechner -- The Atlas of Man (If by Man We Also Mean Woman) / Steve Tomasula -- Narrating Life in Science. Linear Time and Revolutionary Time: Humans, Apes, and Temporality in Scientific and Literary Narratives / Amelie Bjorck -- Ecolinguistic Activism: How and Why to Rite / Angela Rawlings -- Death Writing: Toward a Bestiary of the Biological Real /  Dorion Sagan -- Experimenting with bones / Marianne Sommer -- The Sponge Diver or Bodies on the Seabed / Amalie Smith.</marc:subfield>
        </marc:datafield>
        <marc:datafield tag="650" ind1=" " ind2="0">
            <marc:subfield code="a">Human body in literature.</marc:subfield>
        </marc:datafield>
        <marc:datafield tag="650" ind1=" " ind2="0">
            <marc:subfield code="a">Life in literature</marc:subfield>
        </marc:datafield>
        <marc:datafield tag="650" ind1=" " ind2="0">
            <marc:subfield code="a">Literature and science.</marc:subfield>
        </marc:datafield>
        <marc:datafield tag="650" ind1=" " ind2="0">
            <marc:subfield code="a">Science in literature.</marc:subfield>
        </marc:datafield>
        <marc:datafield tag="650" ind1=" " ind2="0">
            <marc:subfield code="a">Scientific literature</marc:subfield>
            <marc:subfield code="x">History and criticism.</marc:subfield>
        </marc:datafield>
        <marc:datafield tag="700" ind1="1" ind2=" ">
            <marc:subfield code="a">Friis, Elisabeth</marc:subfield>
            <marc:subfield code="e">editor</marc:subfield>
            <marc:subfield code="4">edt</marc:subfield>
            <marc:subfield code="4">edc</marc:subfield>
            <marc:subfield code="4">http://rdaregistry.info/Elements/m/object/P30267</marc:subfield>
            <marc:subfield code="1">http://viaf.org/viaf/270494320</marc:subfield>
        </marc:datafield>
        <marc:datafield tag="700" ind1="1" ind2=" ">
            <marc:subfield code="a">Herbrechter, Stefan</marc:subfield>
            <marc:subfield code="e">editor</marc:subfield>
            <marc:subfield code="4">edt</marc:subfield>
            <marc:subfield code="4">edc</marc:subfield>
            <marc:subfield code="4">http://rdaregistry.info/Elements/m/object/P30267</marc:subfield>
            <marc:subfield code="1">http://viaf.org/viaf/61777260</marc:subfield>
        </marc:datafield>
        <marc:datafield tag="776" ind1="0" ind2="8">
            <marc:subfield code="i">Online version:</marc:subfield>
            <marc:subfield code="t">Narrating life</marc:subfield>
            <marc:subfield code="d">Leiden ; Boston : Brill Rodopi, 2016</marc:subfield>
            <marc:subfield code="z">9789004312074</marc:subfield>
            <marc:subfield code="w">(DLC) 2016007874</marc:subfield>
        </marc:datafield>
    </marc:record>