
    <marc:record>
        <marc:leader>02735cam a2200469   4500</marc:leader>
        <marc:controlfield tag="001">1237466</marc:controlfield>
        <marc:controlfield tag="003">LC</marc:controlfield>
        <marc:controlfield tag="005">19980304115315.4</marc:controlfield>
        <marc:controlfield tag="008">710128s1971    ilu           000 1 eng  </marc:controlfield>
        <marc:datafield tag="010" ind1=" " ind2=" ">
            <marc:subfield code="a">   70136574 </marc:subfield>
        </marc:datafield>
        <marc:datafield tag="035" ind1=" " ind2=" ">
            <marc:subfield code="9">(DLC)   70136574</marc:subfield>
        </marc:datafield>
        <marc:datafield tag="040" ind1=" " ind2=" ">
            <marc:subfield code="a">DLC</marc:subfield>
            <marc:subfield code="c">DLC</marc:subfield>
            <marc:subfield code="d">DLC</marc:subfield>
        </marc:datafield>
        <marc:datafield tag="050" ind1="0" ind2="0">
            <marc:subfield code="a">PZ1</marc:subfield>
            <marc:subfield code="b">.T688</marc:subfield>
            <marc:subfield code="a">PS648.S3</marc:subfield>
        </marc:datafield>
        <marc:datafield tag="082" ind1="0" ind2="0">
            <marc:subfield code="a">823/.0876</marc:subfield>
        </marc:datafield>
        <marc:datafield tag="245" ind1="0" ind2="0">
            <marc:subfield code="a">Transit of earth.</marc:subfield>
        </marc:datafield>
        <marc:datafield tag="250" ind1=" " ind2=" ">
            <marc:subfield code="a">[1st ed.</marc:subfield>
        </marc:datafield>
        <marc:datafield tag="260" ind1=" " ind2=" ">
            <marc:subfield code="a">Chicago,</marc:subfield>
            <marc:subfield code="b">Playboy Press,</marc:subfield>
            <marc:subfield code="c">c1971]</marc:subfield>
        </marc:datafield>
        <marc:datafield tag="300" ind1=" " ind2=" ">
            <marc:subfield code="a">188 pages</marc:subfield>
            <marc:subfield code="c">18 cm.</marc:subfield>
        </marc:datafield>
        <marc:datafield tag="336" ind1=" " ind2=" ">
            <marc:subfield code="a">text</marc:subfield>
            <marc:subfield code="2">rdacontent</marc:subfield>
            <marc:subfield code="0">http://rdaregistry.info/termList/RDAContentType/1020</marc:subfield>
        </marc:datafield>
        <marc:datafield tag="337" ind1=" " ind2=" ">
            <marc:subfield code="a">unmediated</marc:subfield>
            <marc:subfield code="2">rdamedia</marc:subfield>
            <marc:subfield code="0">http://rdaregistry.info/termList/RDAMediaType/1007</marc:subfield>
        </marc:datafield>
        <marc:datafield tag="338" ind1=" " ind2=" ">
            <marc:subfield code="a">volume</marc:subfield>
            <marc:subfield code="2">rdacarrier</marc:subfield>
            <marc:subfield code="0">http://rdaregistry.info/termList/RDACarrierType/1049</marc:subfield>
        </marc:datafield>
        <marc:datafield tag="350" ind1=" " ind2=" ">
            <marc:subfield code="a">$0.75</marc:subfield>
        </marc:datafield>
        <marc:datafield tag="380" ind1=" " ind2=" ">
            <marc:subfield code="a">Språkbasert verk</marc:subfield>
            <marc:subfield code="1">https://schema.nb.no/Bibliographic/Values/V1000</marc:subfield>
        </marc:datafield>
        <marc:datafield tag="490" ind1="0" ind2=" ">
            <marc:subfield code="a">Playboy science fiction</marc:subfield>
        </marc:datafield>
        <marc:datafield tag="500" ind1=" " ind2=" ">
            <marc:subfield code="a">Previously appeared in Playboy.</marc:subfield>
        </marc:datafield>
        <marc:datafield tag="505" ind1="0" ind2=" ">
            <marc:subfield code="a">Transit of earth, by A. C. Clarke.--Button, button, by R. Matheson.--The machineries of joy, by R. Bradbury.--The invasion, by A. Davidson.--Bernie the Faust, by W. Tenn.--Cephalotron, by T. M. Disch.--It didn't happen, by F. Brown.--The man in the Rorschach shirt, by R. Bradbury.--Waste not, want not, by J. Atherton.--Control Somnambule, by W. Sambrot.--Let there be light, by A. C. Clarke.--Speed trap, by F. Pohl.--Souvenir, by J. G. Ballard.</marc:subfield>
        </marc:datafield>
        <marc:datafield tag="650" ind1=" " ind2="0">
            <marc:subfield code="a">Science fiction, American.</marc:subfield>
        </marc:datafield>
        <marc:datafield tag="650" ind1=" " ind2="0">
            <marc:subfield code="a">Science fiction, English.</marc:subfield>
        </marc:datafield>
        <marc:datafield tag="700" ind1="0" ind2="2">
            <marc:subfield code="a">Atherton, John</marc:subfield>
            <marc:subfield code="t">Waste not, want not</marc:subfield>
            <marc:subfield code="1">http://www.isfdb.org/cgi-bin/title.cgi?75744</marc:subfield>
        </marc:datafield>
        <marc:datafield tag="700" ind1="0" ind2="2">
            <marc:subfield code="a">Ballard, J. G.</marc:subfield>
            <marc:subfield code="t">Souvenir</marc:subfield>
            <marc:subfield code="1">http://www.isfdb.org/cgi-bin/title.cgi?43949</marc:subfield>
        </marc:datafield>
        <marc:datafield tag="700" ind1="0" ind2="2">
            <marc:subfield code="a">Bradbury, Ray</marc:subfield>
            <marc:subfield code="t">The machineries of joy</marc:subfield>
            <marc:subfield code="1">http://www.isfdb.org/cgi-bin/title.cgi?64861</marc:subfield>
        </marc:datafield>
        <marc:datafield tag="700" ind1="0" ind2="2">
            <marc:subfield code="a">Bradbury, Ray</marc:subfield>
            <marc:subfield code="t">The man in the Rorschach shirt</marc:subfield>
            <marc:subfield code="1">http://www.isfdb.org/cgi-bin/title.cgi?64881</marc:subfield>
        </marc:datafield>
        <marc:datafield tag="700" ind1="0" ind2="2">
            <marc:subfield code="a">Brown, Fredric</marc:subfield>
            <marc:subfield code="t">It didn't happen</marc:subfield>
            <marc:subfield code="1">http://www.isfdb.org/cgi-bin/title.cgi?57246</marc:subfield>
        </marc:datafield>
        <marc:datafield tag="700" ind1="0" ind2="2">
            <marc:subfield code="a">Clarke, Arthur C.</marc:subfield>
            <marc:subfield code="t">Let there be light</marc:subfield>
            <marc:subfield code="1">http://www.isfdb.org/cgi-bin/title.cgi?62810</marc:subfield>
        </marc:datafield>
        <marc:datafield tag="700" ind1="0" ind2="2">
            <marc:subfield code="a">Clarke, Arthur C.</marc:subfield>
            <marc:subfield code="t">Transit of earth</marc:subfield>
            <marc:subfield code="1">http://www.isfdb.org/cgi-bin/title.cgi?44117</marc:subfield>
        </marc:datafield>
        <marc:datafield tag="700" ind1="0" ind2="2">
            <marc:subfield code="a">Davidson, Avram</marc:subfield>
            <marc:subfield code="t">The invasion</marc:subfield>
            <marc:subfield code="1">http://www.isfdb.org/cgi-bin/title.cgi?98329</marc:subfield>
        </marc:datafield>
        <marc:datafield tag="700" ind1="0" ind2="2">
            <marc:subfield code="a">Disch, Thomas M.</marc:subfield>
            <marc:subfield code="t">Cephalotron</marc:subfield>
            <marc:subfield code="1">http://www.isfdb.org/cgi-bin/title.cgi?77745</marc:subfield>
        </marc:datafield>
        <marc:datafield tag="700" ind1="0" ind2="2">
            <marc:subfield code="a">Matheson, Richard</marc:subfield>
            <marc:subfield code="t">Button, button</marc:subfield>
            <marc:subfield code="1">http://www.isfdb.org/cgi-bin/title.cgi?72806</marc:subfield>
        </marc:datafield>
        <marc:datafield tag="700" ind1="0" ind2="2">
            <marc:subfield code="a">Pohl, Frederik</marc:subfield>
            <marc:subfield code="t">Speed trap</marc:subfield>
            <marc:subfield code="1">http://www.isfdb.org/cgi-bin/title.cgi?57236</marc:subfield>
        </marc:datafield>
        <marc:datafield tag="700" ind1="0" ind2="2">
            <marc:subfield code="a">Sambrot, William</marc:subfield>
            <marc:subfield code="t">Control Somnambule</marc:subfield>
            <marc:subfield code="1">http://www.isfdb.org/cgi-bin/title.cgi?98260</marc:subfield>
        </marc:datafield>
        <marc:datafield tag="700" ind1="0" ind2="2">
            <marc:subfield code="a">Tenn, William</marc:subfield>
            <marc:subfield code="t">Bernie the Faust</marc:subfield>
            <marc:subfield code="1">http://www.isfdb.org/cgi-bin/title.cgi?41615</marc:subfield>
        </marc:datafield>
        <marc:datafield tag="730" ind1=" " ind2=" ">
            <marc:subfield code="a">Playboy (Chicago, Ill.)</marc:subfield>
        </marc:datafield>
    </marc:record>