
    <marc:record>
        <marc:leader>01303cam a2200277 i 4500</marc:leader>
        <marc:controlfield tag="001">2220928</marc:controlfield>
        <marc:controlfield tag="003">LC</marc:controlfield>
        <marc:controlfield tag="005">20060712102314.0</marc:controlfield>
        <marc:controlfield tag="008">750618s1974    nyuaf         000 0 eng  </marc:controlfield>
        <marc:datafield tag="010" ind1=" " ind2=" ">
            <marc:subfield code="a">   75315871 </marc:subfield>
        </marc:datafield>
        <marc:datafield tag="020" ind1=" " ind2=" ">
            <marc:subfield code="a">034523782X :</marc:subfield>
            <marc:subfield code="c">$4.95</marc:subfield>
        </marc:datafield>
        <marc:datafield tag="035" ind1=" " ind2=" ">
            <marc:subfield code="9">(DLC)   75315871</marc:subfield>
        </marc:datafield>
        <marc:datafield tag="040" ind1=" " ind2=" ">
            <marc:subfield code="a">DLC</marc:subfield>
            <marc:subfield code="c">DLC</marc:subfield>
            <marc:subfield code="d">DLC</marc:subfield>
        </marc:datafield>
        <marc:datafield tag="050" ind1="0" ind2="0">
            <marc:subfield code="a">ND813.D3</marc:subfield>
            <marc:subfield code="b">L34</marc:subfield>
        </marc:datafield>
        <marc:datafield tag="082" ind1="0" ind2="0">
            <marc:subfield code="a">759.6</marc:subfield>
        </marc:datafield>
        <marc:datafield tag="100" ind1="1" ind2=" ">
            <marc:subfield code="a">Dalí, Salvador</marc:subfield>
            <marc:subfield code="d">1904-1989.</marc:subfield>
            <marc:subfield code="1">http://viaf.org/viaf/64004109</marc:subfield>
            <marc:subfield code="4">art</marc:subfield>
        </marc:datafield>
        <marc:datafield tag="245" ind1="0" ind2="0">
            <marc:subfield code="a">Dali /</marc:subfield>
            <marc:subfield code="c">with an introd. by J. G. Ballard ; edited by David Larkin.</marc:subfield>
        </marc:datafield>
        <marc:datafield tag="260" ind1=" " ind2=" ">
            <marc:subfield code="a">New York :</marc:subfield>
            <marc:subfield code="b">Ballantine Books,</marc:subfield>
            <marc:subfield code="c">1974.</marc:subfield>
        </marc:datafield>
        <marc:datafield tag="300" ind1=" " ind2=" ">
            <marc:subfield code="a">[14] pages, [40] leaves of plates :</marc:subfield>
            <marc:subfield code="b">chiefly color illustrations ;</marc:subfield>
            <marc:subfield code="c">30 cm.</marc:subfield>
        </marc:datafield>
        <marc:datafield tag="336" ind1=" " ind2=" ">
            <marc:subfield code="a">text</marc:subfield>
            <marc:subfield code="2">rdacontent</marc:subfield>
            <marc:subfield code="0">http://rdaregistry.info/termList/RDAContentType/1020</marc:subfield>
        </marc:datafield>
        <marc:datafield tag="337" ind1=" " ind2=" ">
            <marc:subfield code="a">unmediated</marc:subfield>
            <marc:subfield code="2">rdamedia</marc:subfield>
            <marc:subfield code="0">http://rdaregistry.info/termList/RDAMediaType/1007</marc:subfield>
        </marc:datafield>
        <marc:datafield tag="338" ind1=" " ind2=" ">
            <marc:subfield code="a">volume</marc:subfield>
            <marc:subfield code="2">rdacarrier</marc:subfield>
            <marc:subfield code="0">http://rdaregistry.info/termList/RDACarrierType/1049</marc:subfield>
        </marc:datafield>
        <marc:datafield tag="380" ind1=" " ind2=" ">
            <marc:subfield code="a">Språkbasert verk</marc:subfield>
            <marc:subfield code="1">https://schema.nb.no/Bibliographic/Values/V1000</marc:subfield>
        </marc:datafield>
        <marc:datafield tag="600" ind1="1" ind2="0">
            <marc:subfield code="a">Dalí, Salvador</marc:subfield>
            <marc:subfield code="d">1904-1989</marc:subfield>
            <marc:subfield code="1">http://viaf.org/viaf/64004109</marc:subfield>
        </marc:datafield>
        <marc:datafield tag="700" ind1=" " ind2=" ">
            <marc:subfield code="a">Ballard, J. G.</marc:subfield>
            <marc:subfield code="d">1930-2009</marc:subfield>
            <marc:subfield code="4">aui</marc:subfield>
            <marc:subfield code="4">http://rdaregistry.info/Elements/m/object/P30328</marc:subfield>
            <marc:subfield code="1">http://viaf.org/viaf/9842556</marc:subfield>
        </marc:datafield>
        <marc:datafield tag="700" ind1="1" ind2=" ">
            <marc:subfield code="a">Larkin, David</marc:subfield>
            <marc:subfield code="d">1936-</marc:subfield>
            <marc:subfield code="4">edt</marc:subfield>
            <marc:subfield code="1">http://viaf.org/viaf/277669549</marc:subfield>
            <marc:subfield code="4">http://rdaregistry.info/Elements/m/object/P30267</marc:subfield>
        </marc:datafield>
    </marc:record>