
    <marc:record>
        <marc:leader>04746cam a22003134a 4500</marc:leader>
        <marc:controlfield tag="001">16802995</marc:controlfield>
        <marc:controlfield tag="003">LC</marc:controlfield>
        <marc:controlfield tag="005">20171031172850.0</marc:controlfield>
        <marc:controlfield tag="008">110531s2011    nyu           001 0 eng  </marc:controlfield>
        <marc:datafield tag="010" ind1=" " ind2=" ">
            <marc:subfield code="a">  2011930917</marc:subfield>
        </marc:datafield>
        <marc:datafield tag="020" ind1=" " ind2=" ">
            <marc:subfield code="a">9781455502776 (regular edition)</marc:subfield>
        </marc:datafield>
        <marc:datafield tag="020" ind1=" " ind2=" ">
            <marc:subfield code="a">9781455504114 (large print edition)</marc:subfield>
        </marc:datafield>
        <marc:datafield tag="040" ind1=" " ind2=" ">
            <marc:subfield code="a">DLC</marc:subfield>
            <marc:subfield code="c">DLC</marc:subfield>
        </marc:datafield>
        <marc:datafield tag="042" ind1=" " ind2=" ">
            <marc:subfield code="a">pcc</marc:subfield>
        </marc:datafield>
        <marc:datafield tag="050" ind1="0" ind2="0">
            <marc:subfield code="a">PN4874.H52</marc:subfield>
            <marc:subfield code="b">A5 2011</marc:subfield>
        </marc:datafield>
        <marc:datafield tag="082" ind1="0" ind2="0">
            <marc:subfield code="a">814/.54</marc:subfield>
            <marc:subfield code="2">23</marc:subfield>
        </marc:datafield>
        <marc:datafield tag="100" ind1="1" ind2=" ">
            <marc:subfield code="a">Hitchens, Christopher</marc:subfield>
            <marc:subfield code="1">http://viaf.org/viaf/98819926</marc:subfield>
            <marc:subfield code="4">aut</marc:subfield>
        </marc:datafield>
        <marc:datafield tag="240" ind1="1" ind2="0">
            <marc:subfield code="a">Arguably</marc:subfield>
            <marc:subfield code="1">http://viaf.org/viaf/316379471</marc:subfield>
        </marc:datafield>
        <marc:datafield tag="245" ind1="1" ind2="0">
            <marc:subfield code="a">Arguably :</marc:subfield>
            <marc:subfield code="b">essays /</marc:subfield>
            <marc:subfield code="c">by Christopher Hitchens.</marc:subfield>
        </marc:datafield>
        <marc:datafield tag="250" ind1=" " ind2=" ">
            <marc:subfield code="a">1st ed.</marc:subfield>
        </marc:datafield>
        <marc:datafield tag="260" ind1=" " ind2=" ">
            <marc:subfield code="a">New York :</marc:subfield>
            <marc:subfield code="b">Twelve,</marc:subfield>
            <marc:subfield code="c">2011.</marc:subfield>
        </marc:datafield>
        <marc:datafield tag="300" ind1=" " ind2=" ">
            <marc:subfield code="a">xix, 788 pages ;</marc:subfield>
            <marc:subfield code="c">24 cm.</marc:subfield>
        </marc:datafield>
        <marc:datafield tag="336" ind1=" " ind2=" ">
            <marc:subfield code="a">text</marc:subfield>
            <marc:subfield code="2">rdacontent</marc:subfield>
            <marc:subfield code="0">http://rdaregistry.info/termList/RDAContentType/1020</marc:subfield>
        </marc:datafield>
        <marc:datafield tag="337" ind1=" " ind2=" ">
            <marc:subfield code="a">unmediated</marc:subfield>
            <marc:subfield code="2">rdamedia</marc:subfield>
            <marc:subfield code="0">http://rdaregistry.info/termList/RDAMediaType/1007</marc:subfield>
        </marc:datafield>
        <marc:datafield tag="338" ind1=" " ind2=" ">
            <marc:subfield code="a">volume</marc:subfield>
            <marc:subfield code="2">rdacarrier</marc:subfield>
            <marc:subfield code="0">http://rdaregistry.info/termList/RDACarrierType/1049</marc:subfield>
        </marc:datafield>
        <marc:datafield tag="380" ind1=" " ind2=" ">
            <marc:subfield code="a">Språkbasert verk</marc:subfield>
            <marc:subfield code="1">https://schema.nb.no/Bibliographic/Values/V1000</marc:subfield>
        </marc:datafield>
        <marc:datafield tag="500" ind1=" " ind2=" ">
            <marc:subfield code="a">Collected essays previously published in various periodicals, 1999-2011.</marc:subfield>
        </marc:datafield>
        <marc:datafield tag="500" ind1=" " ind2=" ">
            <marc:subfield code="a">Includes index.</marc:subfield>
        </marc:datafield>
        <marc:datafield tag="505" ind1="0" ind2="0">
            <marc:subfield code="a">All American. Gods of our fathers: the United States of enlightenment -- The private Jefferson -- Jefferson vs. the Muslim pirates -- Benjamin Franklin: free and easy -- John Brown: the man who ended slavery -- Abraham Lincoln: misery's child -- Mark Twain: American radical -- Upton Sinclair: a capitalist primer -- JFK: in sickness and by stealth -- Saul Bellow: the great assimilator -- Vladimir Nabokov: Hurricane Lolita -- John Updike: No way ; Mr. Geniality -- Vidal Loco -- America the Banana Republic -- An Anglosphere future -- Political animals -- Old enough to die -- In defense of foxhole atheists -- In search of the Washington novel -- Eclectic Affinities. Isaac Newton: flaws of gravity -- The men who made England: Hilary Mantel's &quot;Wolf Hall&quot; -- Edmund Burke: reactionary prophet -- Samuel Johnson: demons and dictionaries -- Gustave Flaubert: I'm with Stupide -- The dark side of Dickens -- Marx's journalism: the Grub Street years -- Rebecca West: things worth fighting for -- Ezra Pound: a revolutionary simpleton -- On &quot;Animal Farm&quot; -- Jessica Mitford's poison pen -- W. Somerset Maugham: Poor Old Willie -- Evelyn Waugh: the permanent adolescent -- P. G. Wodehouse: The Honorable Schoolboy -- Anthony Powell: An Omnivorous Curiosity -- John Buchan: Spy Thriller's Father -- Graham Greene: I'll be damned -- Death from a salesman: Graham Greene's bottle ontology -- Loving Philip Larkin -- Stephen Spender: a nice bloody fool -- Edward Upward: the captive mind -- C. L. R. James: mid off, not right on -- J. G. Ballard: the catastrophist -- Fraser's Flashman: scoundrel time -- Fleet Street's finest: from Waugh to Frayn -- Saki: where the wild things are -- Harry Potter: the boy who lived -- Amusements, annoyances, and disappointments. Why women aren't funny -- Stieg Larsson: the author who played with fire -- As American as apple pie -- So many men's rooms, so little time -- The new commandments -- In your face -- Wine drinkers of the world, unite -- Charles, Prince of Piffle -- Offshore accounts. Afghanistan's dangerous bet -- First, silence the whistle-blower -- Believe me, it's torture -- Iran's waiting game -- Long live democratic seismology -- Benazir Bhutto: daughter of destiny -- From Abbottabad to worse -- The perils of partition -- Algeria: a French quarrel -- The case of Orientalism -- Edward Said: where the Twain should have met -- The swastika and the cedar -- Holiday in Iraq -- Tunisia: at the desert's edge -- What happened to the suicide bombers of Jerusalem? -- Childhood's end: an African nightmare -- The Vietnam Syndrome -- Once upon a time in Germany -- Worse than &quot;Nineteen Eighty-four&quot; -- North Korea: A nation of racist dwarves -- The eighteenth brumaire of the Castro dynasty -- Hugo Boss -- Is the Euro doomed? -- Overstating Jewish power -- The case for humanitarian intervention -- Legacies of totalitarianism. Victor Serge: pictures from an inquisition -- André Malraux: one man's fate -- Arthur Koestler: the zealot -- Isabel Allende: Chile Redux -- The Persian version -- Martin Amis: lightness at midnight -- Imagining Hitler -- Victor Klemperer: survivor -- A war worth fighting -- Just give peace a chance? -- W. G. Sebald: requiem for Germany -- Words' worth. When the king saved God -- Let them eat pork rinds -- Stand up for Denmark! -- Eschew the taboo -- She's no fundamentalist -- Burned out -- Easter charade -- Don't mince words -- History and mystery -- Words matter -- This was not looting -- The &quot;other&quot; L-word -- The you decade -- Suck it up -- A very, very dirty word -- Prisoner of shelves.</marc:subfield>
        </marc:datafield>
    </marc:record>